1881 3104
857 124 1070 166 *26-

249 239 358 278 Tres
392 238 528 290 igitur
562 238 636 276 isti
665 249 823 276 versus
853 240 1027 288 tempus
1058 236 1249 288 produnt
1280 249 1365 287 quo
1387 238 1549 277 nomin.
1575 239 1659 290 sgl.
1680 252 1754 279 vo-

195 304 370 357 cispere
389 303 535 355 prisca
555 304 708 354 regula
730 303 978 354 regebatur,
1002 315 1064 341 ΧΠ
1087 302 1254 342 scilicet
1276 303 1500 342 saeculum.

247 370 307 410 Ut
330 369 523 408 breviter
552 372 810 420 argumenta
837 374 987 408 nostra
1012 373 1287 420 repetamus,
1322 369 1574 408 Floovantis
1608 372 1751 409 textus

195 447 245 473 eo
286 438 481 486 tempore
523 434 715 486 scriptus
757 434 839 473 fuit
878 446 962 485 quo
1004 434 1286 473 consonantia
1320 435 1514 472 nondum
1548 434 1752 485 rhythmo

195 503 403 547 cesserat,
441 512 525 550 quo
559 499 601 539 al
633 513 878 539 consonans
912 500 1105 539 nondum
1141 512 1192 538 [ιιι
1221 500 1419 550 sonabat,
1454 511 1539 550 quo
1571 501 1610 538 εί
1641 500 1684 538 in
1717 501 1758 539 οἱ

195 564 386 603 converti
421 565 680 616 incipiebat,
718 566 903 604 necdum
937 564 1168 604 declinatio
1199 564 1320 603 vocis
1353 577 1448 617 pere
1478 565 1755 604 declinationi

194 629 314 668 vocis
337 643 425 668 mur
446 630 688 669 assimilata
710 635 814 677 erat,
836 631 917 669 hoc
940 633 1021 677 est,
1058 633 1103 668 ut
1135 635 1352 668 extremam
1375 629 1521 681 capias
1546 630 1753 682 temporis

195 695 392 744 limitem,
412 695 465 735 ad
486 695 617 735 finem
641 696 791 735 saeculi
812 709 887 735 xii.

878 1162 984 1201 Ciu).
1018 1163 1069 1201 Y.

196 1304 425 1344 Floovante's
454 1312 616 1350 tartum,
652 1307 795 1359 [fallier
827 1309 1029 1361 seriptum,
1063 1322 1081 1346 e
1113 1321 1188 1359 quo
1211 1314 1340 1345 noster
1359 1312 1507 1351 manat,
1535 1305 1659 1357 ejsszcm
1680 1317 1754 1342 non

251 1378 427 1416 nativum
446 1384 481 1415 et
507 1379 719 1429 yenainum
749 1392 838 1426 esse,
864 1378 932 1417 sed
958 1379 1179 1417 retustc'm‘is
1203 1378 1339 1417 [mez'ssz'
1360 1375 1574 1429 quamdam
1595 1388 1671 1414 esse
1691 1387 1754 1413 re-

250 1447 522 1486 tractationem
531 1479 538 1486 .

250 1608 405 1647 Adhuc
428 1621 568 1659 usque
591 1610 1006 1655 demonstravimus,
1034 1612 1068 1647 {⁰
1090 1613 1252 1648 textum
1276 1621 1403 1659 quem
1420 1608 1757 1659 Monspessula-

198 1674 348 1713 nensis
371 1675 505 1713 codex
527 1674 703 1713 exhibet
722 1674 1001 1725 lotharingici
1025 1674 1179 1713 scriba}
1203 1686 1314 1724 opus
1353 1685 1452 1711 esse
1487 1673 1560 1723 qui
1596 1676 1757 1712 textum

200 1739 404 1790 gallicum
426 1740 469 1778 in
492 1752 619 1779 suum
643 1752 891 1779 sermonem
923 1740 1150 1778 traducere
1189 1738 1444 1785 tentaverit3
1480 1740 1524 1776 20
1556 1737 1759 1789 gallicum

202 1807 364 1843 textum
381 1806 433 1844 ad
456 1805 585 1844 finem
607 1818 706 1846 saec.
731 1819 793 1845 xii
810 1806 1024 1856 scriptum
1045 1818 1161 1844 esse.
1181 1805 1305 1844 Nunc
1327 1803 1505 1855 longius
1525 1803 1759 1854 procedere

200 1870 314 1917 licet,
344 1875 386 1909 et
417 1874 540 1910 caute
576 1871 864 1923 interroganti
889 1883 1013 1910 suam
1046 1870 1188 1921 ipsius
1212 1869 1443 1908 historiam
1467 1868 1630 1908 codicis
1652 1881 1759 1907 nos-

204 1936 253 1974 tri
280 1939 422 1975 textus
447 1936 571 1975 facile
592 1936 843 1975 declarabit.

255 2001 496 2052 Postquam
529 2008 746 2045 arternum,
782 2006 828 2040 ut
855 2001 915 2040 ita
945 2001 1105 2045 dicam,
1132 2002 1274 2039 textus
1311 1998 1610 2038 condicionem
1637 2010 1758 2037 scru-

206 2067 278 2105 tati
310 2080 480 2115 sumus,
504 2080 618 2106 nunc
648 2068 873 2105 z'ntere'ormz
905 2066 1005 2118 (non
1039 2066 1215 2116 quidem
1252 2065 1394 2103 adhuc
1427 2063 1661 2112 intimam),
1685 2075 1763 2115 pe-

204 2136 442 2172 netremus.
474 2135 512 2172 A
545 2133 810 2171 narrationis
848 2132 1012 2179 verbis,
1040 2132 1126 2170 non
1150 2131 1201 2169 ad
1222 2129 1486 2168 narrationis
1505 2141 1589 2174 res,
1613 2128 1691 2167 sed
1710 2128 1762 2167 ad

204 2210 349 2236 rerum
372 2198 545 2244 seriem,
571 2199 623 2237 ad
646 2198 907 2236 narrationis
930 2197 1126 2236 ordinem
1150 2200 1440 2234 transeamus.

257 2263 485 2301 Neminem
515 2264 629 2314 fugit
654 2267 908 2302 nostrorum
937 2262 1160 2313 epicorum
1196 2262 1445 2311 poematum
1477 2262 1640 2298 textum
1673 2259 1764 2309 plu-

203 2328 292 2367 ries
314 2331 569 2367 renovatum
591 2330 633 2366 et
655 2331 936 2366 retractatum
960 2326 1112 2373 fuisse,
1137 2337 1271 2376 quum
1297 2324 1451 2363 scribae
1472 2336 1585 2362 nunc
1605 2335 1762 2361 versus

206 2396 247 2432 et
265 2394 469 2445 strophas
486 2393 692 2445 primaevo
710 2393 831 2444 operi
849 2393 1009 2431 intacto
1030 2391 1249 2437 adderent,
1267 2402 1380 2428 nunc
1396 2388 1703 2428 consonantias
1719 2388 1763 2426 in

206 2458 435 2507 rhythmos
462 2459 841 2505 transformantes,
866 2460 1004 2496 totum
1038 2468 1148 2507 opus
1179 2455 1475 2494 deformarent
1496 2457 1537 2492 et
1559 2456 1762 2504 tanquam

206 2536 366 2562 novum
384 2524 746 2575 redintegrarent.

259 2588 305 2627 Si
326 2589 576 2629 Floovantis
599 2592 764 2628 textum
786 2590 986 2627 accurate
1007 2586 1183 2637 legeris,
1210 2586 1376 2637 patebit
1401 2597 1500 2624 eum
1521 2584 1581 2623 ita
1601 2587 1760 2622 retrac-

208 2657 343 2693 tatum
365 2655 503 2694 fuisse
527 2658 574 2694 ut
591 2667 747 2694 novam
768 2653 1062 2693 redactionem
1097 2652 1227 2691 simul
1265 2663 1362 2690 cum
1390 2649 1610 2702 primitiva
1630 2649 1699 2687 hic
1721 2652 1761 2687 et

208 2719 294 2758 illic
313 2720 518 2770 proferat.

262 2784 530 2824 Prooemium
550 2787 749 2838 legamus
772 2799 779 2824 :
