1881 3104
775 80 1008 122 -79—

173 187 244 236 Sic
261 199 352 225 rem
375 199 421 226 se
444 188 652 227 habuisse
687 189 862 240 conjicit
883 189 933 230 G.
956 190 1096 229 Paris.
1119 189 1244 237 Quod
1271 194 1387 230 recte
1419 195 1663 243 conJectum

120 253 390 292 demonstrat
408 254 508 292 libri
528 255 782 294 Fioravantis
808 258 933 293 tenor
964 257 1007 294 et
1034 254 1309 306 compositio.

172 317 372 369 Quinque
406 318 563 357 fabulae
598 330 619 356 e
660 318 820 368 quibus
855 319 968 357 liber
1009 319 1280 358 Fioravantis
1325 322 1507 363 constat.
1544 320 1665 360 Fiovi

116 382 296 429 scilicet⁷
322 382 609 427 Fioravantis,
633 383 914 434 Drugiolinae‚
940 383 1162 423 Octaviani
1184 388 1226 423 et
1253 384 1460 432 Gisberti‚
1486 385 1664 424 totidem

119 447 288 499 gallicis
317 447 530 499 poematis
550 448 830 499 respondent.
851 448 966 487 Num
982 461 1086 487 vero
1120 461 1144 487 a
1164 448 1318 499 gallico
1341 448 1553 500 scriptore
1574 449 1665 488 haec

119 512 274 563 gallica
325 515 526 563 poemata
564 511 607 550 in
647 525 779 551 unum
829 513 1008 552 collecta
1043 515 1085 552 et
1131 513 1174 551 in
1214 525 1389 564 prosam
1426 513 1664 552 orationem

116 577 326 616 translata
345 577 520 624 fuerint,
544 577 635 616 haec
657 577 802 628 agitur
822 577 1020 628 quaestio.
1045 577 1131 616 Sed
1153 577 1189 616 si
1216 577 1664 617 demonstraverimus

116 642 300 693 primam
321 642 421 680 libri
442 644 609 693 partem
637 642 689 681 ab
706 642 880 681 italiano
903 644 1045 682 solum
1064 645 1240 682 auctore
1268 643 1487 682 redactam
1507 643 1661 691 fuisse,

116 710 254 745 totum
274 718 384 757 opus
408 706 585 745 italiano
607 707 773 745 auctori
795 707 1118 746 attribuendum
1141 719 1240 746 esse
1270 707 1413 758 quivis
1438 707 1664 746 confitebi-

115 774 198 810 tur.
223 771 431 809 Fabulam
452 770 586 821 igitur
604 771 890 819 Fioravantis‚
916 772 1037 811 Fiovi
1063 772 1249 823 nepotis,
1275 784 1370 823 quae
1390 785 1489 811 cum
1510 773 1664 822 gallico

114 835 348 874 Floovante
370 836 584 886 congruit,
608 836 951 875 consideremus.

165 900 409 940 Statuimus
432 912 566 952 supra
587 901 598 927 l
619 901 790 940 duabus
814 914 834 939 e
857 901 1056 952 partibus
1086 901 1196 940 hanc
1222 901 1414 940 fabulam
1437 904 1661 949 constare;

114 968 265 1004 auctor
297 965 381 1005 duo
418 966 680 1017 exemplaria
712 966 866 1018 gallica
898 966 1146 1006 Floovantis
1180 967 1224 1005 in
1271 967 1473 1006 manibus
1514 967 1667 1006 habuit

114 1042 299 1081 quorum
330 1043 465 1069 unum
504 1031 783 1070 Floovantem
822 1031 865 1070 in
899 1044 1070 1071 carcere
1104 1032 1336 1074 inclusum,
1362 1033 1546 1070 alterum
1568 1043 1665 1070 cum

114 1094 252 1133 amica
290 1095 333 1133 in
360 1096 538 1134 castello
571 1096 805 1135 obsessum
848 1097 1028 1136 serebat.
1081 1097 1144 1135 Ne
1192 1097 1445 1135 alterutrius
1493 1098 1667 1147 jactura

114 1158 251 1207 fieret,
295 1159 337 1198 in
375 1172 505 1199 unam
545 1161 695 1199 ambas
729 1161 1000 1200 narrationes
1039 1161 1221 1212 redegit,
1256 1164 1310 1206 et,
1339 1164 1386 1200 ut
1417 1162 1476 1200 ita
1507 1162 1661 1209 dicam,

114 1224 298 1272 consuit,
333 1237 583 1264 scurrarum
618 1226 820 1277 personis
842 1226 992 1265 callide
1012 1227 1029 1252 2
1048 1238 1172 1265 usus.
1198 1226 1277 1274 Qui
1303 1220 1465 1265 sciirrae
1488 1226 1539 1265 ad
1562 1239 1665 1277 pos-

112 1289 315 1328 teriorem
338 1290 494 1329 fabulae
516 1294 681 1342 partem
705 1291 838 1342 priori
861 1291 971 1342 parti
989 1291 1335 1342 conjungendam
1353 1291 1412 1329 ita
1426 1291 1665 1330 necessarii

113 1358 229 1397 sunt,
255 1358 315 1402 ut,
340 1355 408 1396 his
431 1355 630 1400 sublatis,
653 1356 876 1394 auferatur
897 1358 939 1394 et
957 1356 1163 1394 narratio.
1188 1355 1273 1394 Sed
1294 1368 1544 1394 scurrarum
1567 1368 1665 1407 per-

113 1431 244 1467 sonae‚
273 1421 424 1470 quales
453 1420 523 1459 hic
553 1420 816 1466 referuntur,
839 1432 924 1459 non
943 1420 1157 1471 gallicam,
1178 1420 1256 1459 sed
1274 1420 1509 1466 italianam,
1531 1425 1567 1458 et
1588 1421 1665 1458 ita-

115 1484 261 1523 lianam
282 1484 394 1523 modo
416 1487 552 1523 artem
587 1489 787 1534 arguunt,
829 1497 962 1535 quum
984 1497 1175 1536 nusquam
1196 1485 1238 1523 in
1261 1485 1430 1535 gallicis
1452 1485 1666 1536 poematis

107 1561 270 1589 scurrae
293 1549 512 1600 leqatorum
525 1548 723 1599 partibus
742 1549 974 1599 fungentes
991 1548 1264 1595 inducantur,
1287 1549 1402 1598 quod
1418 1548 1460 1586 in
1476 1548 1664 1587 italianis

107 1614 355 1666 saepissime
370 1626 378 1661 ;
393 1613 452 1652 ita
465 1617 511 1651 ut
523 1612 773 1651 Floovantis
791 1613 993 1663 gallicum
1010 1625 1164 1664 poema
1176 1613 1218 1651 in
1234 1625 1409 1664 prosam
1426 1614 1665 1652 orationem

106 1681 160 1719 ab
198 1680 377 1718 italiano
413 1690 591 1717 versum
624 1678 764 1716 fuisse
793 1678 1093 1717 necessarium
1124 1677 1194 1717 sit.
1223 1678 1345 1717 Fiovi
1372 1690 1491 1723 vero„
1515 1678 1663 1717 Fiora—

108 1745 266 1792 ventis,
294 1743 649 1795 Drugiolinaeque
673 1743 843 1781 fabulas
866 1743 909 1781 in
930 1755 1065 1782 unum
1085 1743 1277 1794 agallico
1301 1743 1511 1794 scriptore
1535 1755 1666 1794 prosa

107 1811 304 1850 oratione
325 1810 552 1857 collectas,
575 1808 673 1847 dein
695 1809 746 1847 ab
774 1809 950 1848 italiano
972 1809 1158 1860 quodam
1187 1809 1418 1847 translatas
1442 1809 1528 1859 qui,
1554 1821 1663 1848 novo

110 1982 256 2018 Milano,
272 1980 365 2018 (nell'
389 1979 499 2012 Italia
516 1979 573 2011 del
592 1978 765 2019 Vallardi,
792 1980 896 2020 1873);
919 1980 1052 2021 Ascoli,
1075 1979 1184 2022 Saqyi
1205 1981 1321 2013 ladini
1341 1980 1412 2018 {305
1434 1983 1467 2009 ct
1491 1987 1580 2019 sqq,
1606 1978 1665 2010 449

109 2038 144 2068 ct
164 2044 239 2076 sqq,
260 2059 267 2070 ‚
291 2034 352 2075 qui
375 2042 468 2065 nova
492 2035 529 2064 et
550 2032 696 2064 maximi
725 2032 896 2064 momenti
918 2032 960 2064 de
984 2032 1050 2064 hac
1074 2034 1284 2074 quastione,
1306 2036 1345 2065 ut
1373 2033 1476 2068 solet,
1503 2032 1663 2072 scripsit:

109 2091 175 2119 etc.
201 2091 266 2119 etc.

154 2142 180 2172 1.
205 2139 293 2170 Vide
313 2148 348 2180 p.
368 2139 422 2170 56.

149 2193 180 2225 2.
206 2193 285 2223 Non
307 2191 493 2233 imperitus
510 2190 578 2222 fuit
601 2191 660 2222 ille
682 2191 904 2222 Fioravantis
926 2192 1049 2222 auctor
1072 2191 1132 2232 qui
1163 2190 1396 2222 solertissime
1421 2191 1537 2222 varias
1554 2190 1666 2222 histo-

110 2247 181 2279 rias
210 2249 244 2277 et
281 2244 440 2276 diversos
468 2244 697 2275 historiarum
721 2253 825 2276 casus
852 2244 1038 2285 conjunxit
1059 2247 1094 2275 et
1124 2243 1318 2285 adaptavit.
1351 2244 1397 2275 Ut
1425 2253 1536 2275 unum
1563 2243 1666 2275 modo

104 2299 315 2340 *exemplum
341 2297 497 2334 afferam,
527 2297 563 2328 in
596 2298 723 2339 gallico
750 2297 931 2332 Flovente,
960 2296 1217 2329 Constantinus
1244 2297 1288 2328 ab
1326 2296 1495 2338 Hispanis
1531 2297 1589 2337 qui
1618 2296 1667 2327 ibi

107 2350 264 2391 primum
293 2350 329 2380 in
360 2358 504 2381 scenam
534 2349 765 2385 inducuntur,
797 2349 995 2385 obsidetur,
1018 2352 1052 2381 et
1070 2358 1089 2380 a
1112 2353 1241 2390 nepote
1262 2358 1325 2380 suo
1349 2349 1522 2380 auxilium
1545 2352 1667 2389 petere

110 2402 260 2444 cogitur.
289 2402 390 2433 Hanc
420 2401 654 2438 obsidionem,
692 2411 772 2433 cum
801 2402 938 2443 reliqua
958 2401 1164 2433 narratione
1196 2411 1290 2443 {egre
1311 2401 1564 2436 cohaerentem,
1592 2402 1666 2436 cal-

110 2455 180 2487 lide
200 2456 368 2487 italianus
388 2458 510 2487 auctor
532 2455 707 2490 tractavit.
728 2463 837 2495 quum
855 2453 997 2485 finxerit
1014 2453 1189 2486 Salatrem
1207 2463 1328 2495 regem
1346 2463 1426 2486 cum
1450 2454 1555 2485 Fiovo
1573 2454 1668 2486 bella

110 2513 304 2549 gerentem,
334 2518 380 2540 ne
401 2508 512 2540 hostis
541 2508 585 2540 ab
621 2507 797 2539 avunculo
824 2516 887 2538 suo
916 2507 1090 2539 auxilium
1117 2507 1281 2548 accipiat,
1306 2507 1396 2538 filios
1429 2506 1473 2537 ad
1496 2507 1667 2539 obsiden-

109 2559 194 2592 dum
214 2561 489 2593 Constantinum
515 2561 668 2593 mittere.
699 2561 820 2593 Serius
839 2560 1034 2592 adveniunt
1053 2569 1159 2602 quam
1179 2564 1219 2592 ut
1238 2560 1514 2591 Constantinum
1538 2560 1664 2601 prohi—

109 2612 219 2645 beant
242 2615 329 2656 quin
364 2615 483 2656 copias
505 2614 653 2646 Fiovum
680 2614 895 2646 liberaturus
923 2613 1058 2650 mittat;
1095 2613 1157 2645 scd
1192 2613 1443 2654 imperatorem
1476 2616 1594 2645 tamen
1617 2614 1667 2645 ita

112 2668 372 2708 aggrediuntur
395 2670 435 2700 ut
456 2667 598 2705 Fiovus‚
619 2667 762 2699 tandem
783 2668 908 2706 victor,
927 2676 992 2699 sua
1006 2667 1083 2699 vice
1104 2666 1336 2698 Constantino
1357 2666 1549 2698 auxilietur
1573 2666 1663 2698 vide

112 2727 234 2761 supra,
254 2730 288 2762 p.
314 2722 380 2763 49).
