1881 3104
95 207 303 246 Galienus
327 205 365 243 ei
387 205 654 256 provinciam
684 205 913 244 Bavariam
946 206 1216 257 polliceatur,
1255 208 1382 246 lsetus
1412 209 1642 249 Disdierus

93 272 136 310 in
152 270 319 309 medios
335 269 525 307 Francos
542 269 681 316 irruit,
698 273 740 307 et
755 269 1052 309 Christianum
1069 272 1301 321 quemdam
1324 273 1497 312 occidit.
1519 274 1642 321 Quod

94 335 254 386 Rigant
278 334 498 381 Severino‚
522 333 711 372 Disdieri
732 333 871 382 fratri,
900 333 1076 372 indicat.
1110 333 1223 372 Dum
1251 334 1489 373 Severinus
1513 338 1643 375 armi-

94 412 247 450 gerum
270 398 472 437 Disdiero
495 410 722 437 occurrere
741 398 881 447 jubet,
906 397 974 436 hic
996 398 1173 436 fratrem
1189 397 1447 448 aggreditur
1467 402 1509 437 et
1530 400 1644 437 occi-

95 464 234 503 disset
253 463 337 502 nisi
355 463 515 514 Rigant
532 463 726 502 Severini
746 464 839 502 loco
861 463 1064 501 lethalem
1086 463 1219 501 ictum
1242 463 1502 514 accepisset.
1524 463 1645 502 Cloe-

92 528 232 567 visius
255 528 298 566 in
314 527 467 566 urbem
482 528 606 566 redit.

144 592 379 631 Christiani
416 605 518 631 vero
552 593 595 630 in
630 593 870 643 Purlepont
904 593 1039 631 clausi
1076 595 1240 631 tentant
1274 592 1404 630 etiam
1441 605 1461 630 e
1504 594 1642 631 muris

88 657 220 695 exire.
246 652 380 695 Atrox
402 656 448 695 fit
468 657 679 707 praelium.
707 657 971 696 Sarracenos
1002 656 1214 707 plurimos
1243 656 1459 695 trucidant
1482 658 1643 696 Ritzie-

91 739 181 773 rus,
205 727 419 765 Floovans
449 726 521 776 qui
547 726 712 778 Joyease
748 727 941 777 gladium
980 727 1076 771 sert,
1126 730 1167 765 et
1207 725 1437 765 duodecim
1480 723 1637 762 Pares.

90 791 174 830 Sed
201 791 260 829 ita
285 790 534 829 certaminis
552 794 814 841 pervagatur
840 792 974 837 fama,
996 795 1041 829 ut
1059 791 1312 829 admiralius
1337 789 1549 829 Gaiienus
1573 799 1643 825 co-

91 856 238 894 hortes
260 855 303 893 in
339 867 470 893 unum
507 859 756 906 congreget.
797 856 1075 905 Hemelyoen,
1111 867 1212 905 rege
1239 854 1445 893 Galifiero
1480 852 1641 893 000150,

89 921 181 971 ipse
204 933 227 958 a
248 931 350 971 rege
367 919 623 958 Postamont
642 920 855 959 occiditur
878 932 885 958 :
910 920 978 958 cui
996 920 1122 958 letale
1137 921 1294 958 vulnus
1308 920 1391 957 fert
1408 917 1641 959 Ritzierus,

90 997 168 1023 nec
189 997 274 1023 non
295 988 337 1023 et
355 984 535 1035 regibus
549 985 716 1023 Turciae
738 984 981 1023 etArabiae.
1002 984 1251 1023 Cloovisius
1270 984 1437 1022 interea
1454 992 1644 1033 pugnam

90 1049 372 1099 redintegrat.
399 1049 604 1088 Galienus
626 1050 885 1100 desperatus
903 1050 1159 1088 Mahumeto
1181 1048 1416 1090 maledicit,
1443 1046 1519 1085 sed
1543 1056 1644 1094 rege

92 1114 333 1152 Boudefeer
355 1114 393 1151 ei
415 1114 505 1153 hice
526 1114 659 1165 impia
683 1115 817 1153 verba
839 1115 1141 1165 exprobrante,
1168 1114 1281 1153 redit
1298 1114 1341 1151 in
1370 1123 1577 1163 pugnam,
1605 1113 1643 1147 et

89 1178 314 1216 eremitam
337 1178 491 1217 Lucari
518 1182 559 1217 et
581 1191 728 1230 regem
760 1179 887 1217 Flure
917 1179 1087 1218 occidit.
1111 1177 1359 1217 Avunculum
1396 1190 1527 1222 sumn,
1558 1174 1644 1212 Lu-

91 1243 255 1281 carium
307 1246 348 1281 et
393 1247 560 1294 patrem
605 1243 754 1282 uxoris
803 1256 951 1294 regem
998 1243 1188 1281 vindicat
1244 1242 1490 1285 Ritzierus,
1542 1239 1645 1277 dum

93 1319 240 1358 regem
275 1307 523 1346 Boudefeer
554 1308 596 1345 in
628 1308 787 1347 Orcum
816 1307 960 1354 mittit,
998 1310 1039 1346 et
1070 1307 1238 1345 socium
1274 1306 1367 1356 regi
1391 1304 1645 1343 Disdierum

68 1372 72 1375 ’
92 1372 225 1411 addit.
244 1372 500 1423 Fugientem
521 1372 745 1411 Galienum
770 1371 1051 1422 persequitur
1072 1376 1113 1409 et
1133 1371 1282 1422 praelio
1311 1369 1547 1409 commisso
1571 1367 1645 1405 01)-

93 1441 261 1476 truncat
277 1438 509 1477 Ritzierus.
534 1438 683 1476 Finem
707 1449 862 1488 pugna*
879 1437 1218 1475 Sarracenorum
1238 1434 1644 1474 adinternecionem

93 1503 235 1541 caedes
257 1502 454 1553 imponit.

143 1569 361 1608 Ritzierus
397 1569 439 1607 in
475 1581 625 1619 campo
658 1569 840 1607 cadaver
873 1568 1072 1607 avunculi
1109 1568 1373 1617 Hemelyoen
1399 1564 1567 1615 quaerst,
1605 1566 1641 1601 et

90 1647 137 1673 se
172 1634 422 1673 Floovantis
455 1634 631 1672 fratrem
663 1633 929 1680 Disdierum,
969 1637 1009 1672 et
1047 1632 1357 1671 consobrinum
1400 1629 1643 1668 Gerardum

90 1701 134 1737 et
166 1699 314 1737 uxoris
348 1702 515 1749 patrem
549 1698 776 1737 Galienum
811 1698 1025 1737 occidisse
1064 1698 1207 1740 dotet2
1256 1708 1302 1734 se
1342 1698 1504 1733 {eterno
1547 1692 1644 1731 odio

89 1764 313 1814 Margaliae
334 1764 441 1802 fore.
466 1765 584 1810 Quas
618 1763 758 1801 credes
790 1767 836 1802 ut
866 1764 1030 1814 expiet,
1069 1761 1295 1801 constituit
1334 1772 1380 1799 se
1415 1758 1645 1797 eremitam

90 1830 231 1867 facere
254 1828 424 1879 (versus
446 1828 653 1878 319-639j1.

144 1893 223 1931 Hic
246 1892 516 1931 concluditur
533 1892 826 1941 fragmentum
851 1892 899 1931 Β.

142 1956 283 1996 Facile
305 1957 452 1995 videre
474 1959 541 1995 est
562 1957 646 1995 duo
668 1957 761 1997 haec
782 1957 1025 2007 fragmenta
1047 1970 1096 1994 ex
1117 1956 1265 1994 eadem
1289 1954 1503 2006 poematis
1526 1956 1644 2003 parte

90 2024 292 2071 excerpta
319 2033 430 2065 esse,
453 2020 511 2058 ita
546 2024 593 2059 ut
622 2033 753 2059 unum
781 2021 964 2067 alterius
987 2021 1056 2063 sit,
1080 2033 1166 2059 non
1199 2031 1435 2070 permagno
1470 2017 1645 2067 quidem

93 2085 334 2129 intervallo,
360 2085 601 2136 interrupta
624 2086 910 2127 continuatio:
935 2088 973 2123 et
996 2086 1122 2124 ambo
1146 2097 1278 2123 unum
1314 2095 1412 2122 esse
1436 2084 1646 2133 fragmen-

93 2152 183 2187 tum
204 2151 303 2199 jure
327 2149 445 2187 dicas
466 2149 508 2187 in
528 2161 612 2199 quo
632 2150 726 2189 duce
748 2151 814 2188 vel
837 2154 925 2189 tres
948 2151 1251 2189 desiderantur
1267 2149 1449 2200 paginae.

145 2213 193 2251 In
216 2225 386 2251 summa
407 2226 503 2252 eum
526 2213 608 2252 fine
640 2215 739 2265 gall.
771 2215 983 2265 poematis
1020 2215 1219 2265 congruit
1252 2214 1354 2252 11011.
1381 2216 1544 2258 textus3
1569 2211 1646 2250 scd

92 2277 130 2316 si
147 2277 319 2327 singula
340 2277 700 2320 consideraveris,
726 2279 783 2317 ita
805 2280 905 2328 gall.
931 2283 969 2318 et
995 2279 1096 2318 11011.
1121 2279 1234 2317 inter
1254 2291 1299 2317 se
1325 2277 1586 2316 conveniunt
1606 2279 1648 2313 et

91 2341 342 2392 discrepant
379 2347 426 2380 ut
457 2355 541 2381 non
568 2343 1033 2394 Monspessulanensis
1073 2344 1258 2385 codicis,
1294 2343 1370 2381 sed
1413 2341 1644 2391 cujusdam

93 2406 204 2445 alius
226 2405 356 2444 vicini
378 2406 480 2444 11011.
503 2407 793 2458 fragmentum
814 2408 1060 2446 versionem
1085 2421 1183 2447 esse
1198 2411 1297 2459 J'ure
1322 2412 1464 2458 putes.

147 2471 315 2509 Etenim
338 2471 380 2509 in
403 2472 502 2522 gall.
527 2472 700 2521 fugiunt
719 2472 948 2519 Ffflovans,
974 2473 1220 2514 Rieharius,
1247 2471 1476 2510 duodecim
1500 2470 1644 2508 Duces

95 2538 137 2573 et
158 2532 380 2585 Maugali'a
410 2541 505 2575 ante
528 2536 755 2575 Galienum
780 2540 821 2575 et
844 2550 1036 2588 paganos
1074 2538 1146 2588 qui
1172 2540 1263 2588 J'am
1286 2548 1361 2574 eos
1390 2535 1642 2586 attigerunt.

94 2611 228 2650 quum
251 2601 313 2639 eis
337 2601 569 2639 auxiliatur
588 2601 743 2640 Florus
764 2602 895 2640 Ausae
927 2615 1016 2642 rex.
1052 2602 1096 2640 In
1130 2603 1235 2639 11011.
1265 2604 1409 2639 autem
1439 2599 1644 2639 obsiden-

96 2668 165 2703 tur
179 2664 407 2713 Floovans,
428 2666 656 2704 duodecim
676 2666 819 2705 Duces
837 2671 873 2705 et
896 2667 1115 2717 Maugalia
1133 2667 1176 2704 in
1193 2666 1370 2704 castello
1387 2668 1428 2703 et
1446 2664 1508 2702 eis
1532 2663 1647 2702 auxi-

96 2728 229 2768 liatur
249 2743 333 2769 non
366 2731 507 2769 solum
530 2730 685 2769 Florus
718 2731 794 2769 sed
829 2735 870 2770 et
900 2731 1093 2769 Bavariae
1128 2731 1213 2769 dux
1247 2729 1486 2777 Hemele'oen,
1510 2729 1552 2767 id
1579 2732 1646 2767 est
