<?xml version="1.0" encoding="UTF-8"?>
<!DOCTYPE html PUBLIC "-//W3C//DTD XHTML 1.0 Transitional//EN"
    "http://www.w3.org/TR/xhtml1/DTD/xhtml1-transitional.dtd">
<html xmlns="http://www.w3.org/1999/xhtml" xml:lang="en" lang="en">
 <head>
  <title>
</title>
<meta http-equiv="Content-Type" content="text/html;charset=utf-8" />
  <meta name='ocr-system' content='tesseract 3.04.00' />
  <meta name='ocr-capabilities' content='ocr_page ocr_carea ocr_par ocr_line ocrx_word'/>
</head>
<body>
  <div class='ocr_page' id='page_1' title='image "./defloovantevetus00darmuoft_0058.png"; bbox 0 0 1881 3104; ppageno 0'>
   <div class='ocr_carea' id='block_1_1' title="bbox 864 135 1098 177">
    <p class='ocr_par' dir='ltr' id='par_1_1' title="bbox 864 135 1098 177">
     <span class='ocr_line' id='line_1_1' title="bbox 864 135 1098 177; baseline 0.009 -11"><span class='ocrx_word' id='word_1_1' title='bbox 864 135 1098 177; x_wconf 67' lang='grc'>-36-</span> 
     </span>
    </p>
   </div>
   <div class='ocr_carea' id='block_1_2' title="bbox 144 247 1764 2643">
    <p class='ocr_par' dir='ltr' id='par_1_2' title="bbox 201 247 1759 691">
     <span class='ocr_line' id='line_1_2' title="bbox 204 247 1756 300; baseline -0.001 -10"><span class='ocrx_word' id='word_1_2' title='bbox 204 249 400 291; x_wconf 73' lang='lat' dir='ltr'>Floorans</span> <span class='ocrx_word' id='word_1_3' title='bbox 432 248 644 300; x_wconf 79' lang='lat' dir='ltr'>magistro</span> <span class='ocrx_word' id='word_1_4' title='bbox 665 261 744 287; x_wconf 86' lang='lat' dir='ltr'>suo</span> <span class='ocrx_word' id='word_1_5' title='bbox 769 247 966 286; x_wconf 66' lang='lat' dir='ltr'>Seneelml</span> <span class='ocrx_word' id='word_1_6' title='bbox 985 247 1218 286; x_wconf 77' lang='lat' dir='ltr'>dormienti</span> <span class='ocrx_word' id='word_1_7' title='bbox 1240 248 1435 296; x_wconf 85' lang='lat' dir='ltr'>barbam,</span> <span class='ocrx_word' id='word_1_8' title='bbox 1460 249 1502 288; x_wconf 89' lang='lat' dir='ltr'>in</span> <span class='ocrx_word' id='word_1_9' title='bbox 1528 249 1756 289; x_wconf 78' lang='lat' dir='ltr'>dedecoris</span> 
     </span>
     <span class='ocr_line' id='line_1_3' title="bbox 206 313 1756 370; baseline -0.003 -13"><span class='ocrx_word' id='word_1_10' title='bbox 206 319 396 370; x_wconf 84' lang='lat' dir='ltr'>signum,</span> <span class='ocrx_word' id='word_1_11' title='bbox 422 314 682 354; x_wconf 76' lang='lat' dir='ltr'>totonderat.</span> <span class='ocrx_word' id='word_1_12' title='bbox 724 313 848 361; x_wconf 81' lang='lat' dir='ltr'>Quod</span> <span class='ocrx_word' id='word_1_13' title='bbox 877 313 930 351; x_wconf 88' lang='lat' dir='ltr'>ob</span> <span class='ocrx_word' id='word_1_14' title='bbox 968 313 1112 352; x_wconf 88' lang='lat' dir='ltr'>scelus</span> <span class='ocrx_word' id='word_1_15' title='bbox 1148 313 1302 364; x_wconf 89' lang='lat' dir='ltr'>capitis</span> <span class='ocrx_word' id='word_1_16' title='bbox 1332 313 1582 353; x_wconf 89' lang='lat' dir='ltr'>damnatum</span> <span class='ocrx_word' id='word_1_17' title='bbox 1619 318 1756 365; x_wconf 84' lang='lat' dir='ltr'>pater,</span> 
     </span>
     <span class='ocr_line' id='line_1_4' title="bbox 201 378 1754 436; baseline -0.004 -13"><span class='ocrx_word' id='word_1_18' title='bbox 201 383 406 436; x_wconf 87' lang='lat' dir='ltr'>precibus</span> <span class='ocrx_word' id='word_1_19' title='bbox 427 379 578 419; x_wconf 89' lang='lat' dir='ltr'>matris</span> <span class='ocrx_word' id='word_1_20' title='bbox 599 382 858 424; x_wconf 81' lang='lat' dir='ltr'>commotus,</span> <span class='ocrx_word' id='word_1_21' title='bbox 881 382 1049 429; x_wconf 89' lang='lat' dir='ltr'>septem</span> <span class='ocrx_word' id='word_1_22' title='bbox 1072 390 1207 417; x_wconf 88' lang='lat' dir='ltr'>annos</span> <span class='ocrx_word' id='word_1_23' title='bbox 1230 391 1250 416; x_wconf 91' lang='lat' dir='ltr'>e</span> <span class='ocrx_word' id='word_1_24' title='bbox 1273 378 1456 417; x_wconf 88' lang='lat' dir='ltr'>Francia</span> <span class='ocrx_word' id='word_1_25' title='bbox 1484 379 1754 418; x_wconf 83' lang='lat' dir='ltr'>exterminat.</span> 
     </span>
     <span class='ocr_line' id='line_1_5' title="bbox 206 443 1759 491; baseline -0.005 -2"><span class='ocrx_word' id='word_1_26' title='bbox 206 447 510 490; x_wconf 84' lang='lat' dir='ltr'>Proficiscitur</span> <span class='ocrx_word' id='word_1_27' title='bbox 530 444 759 491; x_wconf 73' lang='lat' dir='ltr'>Floovans,</span> <span class='ocrx_word' id='word_1_28' title='bbox 785 444 853 482; x_wconf 91' lang='lat' dir='ltr'>cui</span> <span class='ocrx_word' id='word_1_29' title='bbox 875 443 1042 482; x_wconf 90' lang='lat' dir='ltr'>amicus</span> <span class='ocrx_word' id='word_1_30' title='bbox 1065 443 1318 490; x_wconf 74' lang='lat' dir='ltr'>Richarius,</span> <span class='ocrx_word' id='word_1_31' title='bbox 1343 456 1363 481; x_wconf 93' lang='lat' dir='ltr'>e</span> <span class='ocrx_word' id='word_1_32' title='bbox 1384 443 1581 482; x_wconf 69' lang='lat' dir='ltr'>venando</span> <span class='ocrx_word' id='word_1_33' title='bbox 1613 456 1759 482; x_wconf 69' lang='lat' dir='ltr'>rever-</span> 
     </span>
     <span class='ocr_line' id='line_1_6' title="bbox 207 507 1758 561; baseline -0.005 -7"><span class='ocrx_word' id='word_1_34' title='bbox 207 527 300 561; x_wconf 86' lang='lat' dir='ltr'>sus,</span> <span class='ocrx_word' id='word_1_35' title='bbox 324 525 409 552; x_wconf 91' lang='lat' dir='ltr'>non</span> <span class='ocrx_word' id='word_1_36' title='bbox 430 512 660 550; x_wconf 75' lang='lat' dir='ltr'>recusante</span> <span class='ocrx_word' id='word_1_37' title='bbox 687 508 859 559; x_wconf 87' lang='lat' dir='ltr'>regina,</span> <span class='ocrx_word' id='word_1_38' title='bbox 886 507 1026 546; x_wconf 77' lang='lat' dir='ltr'>exsilii</span> <span class='ocrx_word' id='word_1_39' title='bbox 1055 507 1309 559; x_wconf 73' lang='lat' dir='ltr'>participem</span> <span class='ocrx_word' id='word_1_40' title='bbox 1338 520 1385 546; x_wconf 86' lang='lat' dir='ltr'>sc</span> <span class='ocrx_word' id='word_1_41' title='bbox 1410 507 1550 546; x_wconf 84' lang='lat' dir='ltr'>offert.</span> <span class='ocrx_word' id='word_1_42' title='bbox 1587 508 1758 547; x_wconf 71' lang='lat' dir='ltr'>Cloovi-</span> 
     </span>
     <span class='ocr_line' id='line_1_7' title="bbox 208 572 1759 626; baseline -0.005 -7"><span class='ocrx_word' id='word_1_43' title='bbox 208 581 303 620; x_wconf 87' lang='lat' dir='ltr'>sius</span> <span class='ocrx_word' id='word_1_44' title='bbox 341 580 486 617; x_wconf 90' lang='lat' dir='ltr'>autem</span> <span class='ocrx_word' id='word_1_45' title='bbox 521 578 561 613; x_wconf 92' lang='lat' dir='ltr'>et</span> <span class='ocrx_word' id='word_1_46' title='bbox 591 574 826 626; x_wconf 77' lang='lat' dir='ltr'>principes,</span> <span class='ocrx_word' id='word_1_47' title='bbox 865 572 1118 612; x_wconf 82' lang='lat' dir='ltr'>Senechalis</span> <span class='ocrx_word' id='word_1_48' title='bbox 1148 572 1287 611; x_wconf 73' lang='lat' dir='ltr'>vicem</span> <span class='ocrx_word' id='word_1_49' title='bbox 1318 572 1528 621; x_wconf 75' lang='lat' dir='ltr'>dolentes,</span> <span class='ocrx_word' id='word_1_50' title='bbox 1557 573 1641 612; x_wconf 90' lang='lat' dir='ltr'>sibi</span> <span class='ocrx_word' id='word_1_51' title='bbox 1663 573 1759 612; x_wconf 91' lang='lat' dir='ltr'>bar-</span> 
     </span>
     <span class='ocr_line' id='line_1_8' title="bbox 205 639 892 691; baseline -0.012 -7"><span class='ocrx_word' id='word_1_52' title='bbox 205 646 309 684; x_wconf 90' lang='lat' dir='ltr'>bam</span> <span class='ocrx_word' id='word_1_53' title='bbox 333 642 511 682; x_wconf 87' lang='lat' dir='ltr'>tondent</span> <span class='ocrx_word' id='word_1_54' title='bbox 532 641 700 691; x_wconf 75' lang='lat' dir='ltr'>(versus</span> <span class='ocrx_word' id='word_1_55' title='bbox 727 641 763 677; x_wconf 86' lang='lat' dir='ltr'>l-</span> <span class='ocrx_word' id='word_1_56' title='bbox 783 639 892 682; x_wconf 68' lang='lat'><em>233).</em></span> 
     </span>
    </p>

    <p class='ocr_par' dir='ltr' id='par_1_3' title="bbox 206 703 1761 1148">
     <span class='ocr_line' id='line_1_9' title="bbox 260 703 1760 754; baseline -0.003 -7"><span class='ocrx_word' id='word_1_57' title='bbox 260 709 375 748; x_wconf 89' lang='lat' dir='ltr'>Dum</span> <span class='ocrx_word' id='word_1_58' title='bbox 397 707 624 753; x_wconf 86' lang='lat' dir='ltr'>Floovans,</span> <span class='ocrx_word' id='word_1_59' title='bbox 654 704 836 743; x_wconf 87' lang='lat' dir='ltr'>Francia</span> <span class='ocrx_word' id='word_1_60' title='bbox 857 704 1020 751; x_wconf 81' lang='lat' dir='ltr'>relicta,</span> <span class='ocrx_word' id='word_1_61' title='bbox 1046 715 1123 754; x_wconf 88' lang='lat' dir='ltr'>per</span> <span class='ocrx_word' id='word_1_62' title='bbox 1143 703 1371 741; x_wconf 71' lang='lat' dir='ltr'>Ardennas</span> <span class='ocrx_word' id='word_1_63' title='bbox 1393 703 1474 741; x_wconf 88' lang='lat' dir='ltr'>iter</span> <span class='ocrx_word' id='word_1_64' title='bbox 1489 703 1603 749; x_wconf 86' lang='lat' dir='ltr'>facit,</span> <span class='ocrx_word' id='word_1_65' title='bbox 1620 703 1760 743; x_wconf 91' lang='lat' dir='ltr'>chris-</span> 
     </span>
     <span class='ocr_line' id='line_1_10' title="bbox 207 768 1760 822; baseline -0.005 -8"><span class='ocrx_word' id='word_1_66' title='bbox 207 775 323 814; x_wconf 86' lang='lat' dir='ltr'>tiano</span> <span class='ocrx_word' id='word_1_67' title='bbox 358 772 450 822; x_wconf 84' lang='lat' dir='ltr'>regi</span> <span class='ocrx_word' id='word_1_68' title='bbox 479 771 595 809; x_wconf 64' lang='lat' dir='ltr'>Auser</span> <span class='ocrx_word' id='word_1_69' title='bbox 616 769 630 795; x_wconf 87' lang='lat'>1</span> <span class='ocrx_word' id='word_1_70' title='bbox 651 769 771 807; x_wconf 76' lang='lat' dir='ltr'>Floro</span> <span class='ocrx_word' id='word_1_71' title='bbox 791 770 821 815; x_wconf 64' lang='grc'>’3,</span> <span class='ocrx_word' id='word_1_72' title='bbox 860 781 989 819; x_wconf 83' lang='lat' dir='ltr'>quem</span> <span class='ocrx_word' id='word_1_73' title='bbox 1020 768 1247 807; x_wconf 82' lang='lat' dir='ltr'>Sarraceni</span> <span class='ocrx_word' id='word_1_74' title='bbox 1283 768 1336 806; x_wconf 85' lang='lat' dir='ltr'>ob</span> <span class='ocrx_word' id='word_1_75' title='bbox 1372 770 1578 818; x_wconf 72' lang='lat' dir='ltr'>reJectam</span> <span class='ocrx_word' id='word_1_76' title='bbox 1601 769 1760 807; x_wconf 77' lang='lat' dir='ltr'>Mahu-</span> 
     </span>
     <span class='ocr_line' id='line_1_11' title="bbox 206 833 1760 885; baseline -0.003 -7"><span class='ocrx_word' id='word_1_77' title='bbox 206 839 310 878; x_wconf 89' lang='lat' dir='ltr'>meti</span> <span class='ocrx_word' id='word_1_78' title='bbox 330 837 460 876; x_wconf 84' lang='lat' dir='ltr'>fidem</span> <span class='ocrx_word' id='word_1_79' title='bbox 482 835 755 880; x_wconf 76' lang='lat' dir='ltr'>obsidebant,</span> <span class='ocrx_word' id='word_1_80' title='bbox 781 846 957 885; x_wconf 87' lang='lat' dir='ltr'>operam</span> <span class='ocrx_word' id='word_1_81' title='bbox 980 845 1137 872; x_wconf 82' lang='lat' dir='ltr'>navare</span> <span class='ocrx_word' id='word_1_82' title='bbox 1168 833 1344 881; x_wconf 85' lang='lat' dir='ltr'>statuit;</span> <span class='ocrx_word' id='word_1_83' title='bbox 1367 845 1464 872; x_wconf 90' lang='lat' dir='ltr'>ecce</span> <span class='ocrx_word' id='word_1_84' title='bbox 1494 837 1639 872; x_wconf 85' lang='lat' dir='ltr'>antem</span> <span class='ocrx_word' id='word_1_85' title='bbox 1673 837 1760 873; x_wconf 89' lang='lat' dir='ltr'>tres</span> 
     </span>
     <span class='ocr_line' id='line_1_12' title="bbox 206 898 1761 952; baseline -0.003 -9"><span class='ocrx_word' id='word_1_86' title='bbox 206 905 470 943; x_wconf 74' lang='lat' dir='ltr'>Sarracenos</span> <span class='ocrx_word' id='word_1_87' title='bbox 493 900 682 952; x_wconf 76' lang='lat' dir='ltr'>pucilam</span> <span class='ocrx_word' id='word_1_88' title='bbox 698 899 904 937; x_wconf 81' lang='lat' dir='ltr'>ferientes</span> <span class='ocrx_word' id='word_1_89' title='bbox 928 899 1175 949; x_wconf 78' lang='lat' dir='ltr'>adspectat3</span> <span class='ocrx_word' id='word_1_90' title='bbox 1200 898 1243 936; x_wconf 88' lang='lat' dir='ltr'>in</span> <span class='ocrx_word' id='word_1_91' title='bbox 1264 911 1373 948; x_wconf 84' lang='lat' dir='ltr'>qnos</span> <span class='ocrx_word' id='word_1_92' title='bbox 1395 898 1494 945; x_wconf 90' lang='lat' dir='ltr'>ruit,</span> <span class='ocrx_word' id='word_1_93' title='bbox 1514 901 1568 945; x_wconf 88' lang='lat' dir='ltr'>et,</span> <span class='ocrx_word' id='word_1_94' title='bbox 1589 899 1761 938; x_wconf 90' lang='lat' dir='ltr'>duobus</span> 
     </span>
     <span class='ocr_line' id='line_1_13' title="bbox 207 963 1761 1016; baseline -0.004 -7"><span class='ocrx_word' id='word_1_95' title='bbox 207 968 381 1009; x_wconf 88' lang='lat' dir='ltr'>occisis.</span> <span class='ocrx_word' id='word_1_96' title='bbox 415 965 541 1005; x_wconf 87' lang='lat' dir='ltr'>tertio</span> <span class='ocrx_word' id='word_1_97' title='bbox 574 966 738 1016; x_wconf 77' lang='lat' dir='ltr'>fugato,</span> <span class='ocrx_word' id='word_1_98' title='bbox 777 965 966 1015; x_wconf 81' lang='lat' dir='ltr'>puellam</span> <span class='ocrx_word' id='word_1_99' title='bbox 1001 963 1171 1010; x_wconf 86' lang='lat' dir='ltr'>liberat,</span> <span class='ocrx_word' id='word_1_100' title='bbox 1206 963 1406 1002; x_wconf 68' lang='lat' dir='ltr'>Floretam</span> <span class='ocrx_word' id='word_1_101' title='bbox 1431 963 1618 1010; x_wconf 89' lang='lat' dir='ltr'>nomine,</span> <span class='ocrx_word' id='word_1_102' title='bbox 1643 963 1761 1014; x_wconf 88' lang='lat' dir='ltr'>regis</span> 
     </span>
     <span class='ocr_line' id='line_1_14' title="bbox 208 1028 1761 1080; baseline -0.003 -7"><span class='ocrx_word' id='word_1_103' title='bbox 208 1033 326 1074; x_wconf 88' lang='lat' dir='ltr'>Flori</span> <span class='ocrx_word' id='word_1_104' title='bbox 360 1032 506 1079; x_wconf 81' lang='lat' dir='ltr'>filiam,</span> <span class='ocrx_word' id='word_1_105' title='bbox 545 1043 643 1070; x_wconf 89' lang='lat' dir='ltr'>cum</span> <span class='ocrx_word' id='word_1_106' title='bbox 678 1042 762 1080; x_wconf 89' lang='lat' dir='ltr'>qua</span> <span class='ocrx_word' id='word_1_107' title='bbox 790 1030 842 1068; x_wconf 87' lang='lat' dir='ltr'>ad</span> <span class='ocrx_word' id='word_1_108' title='bbox 880 1029 1098 1068; x_wconf 72' lang='lat' dir='ltr'>civitatem</span> <span class='ocrx_word' id='word_1_109' title='bbox 1126 1028 1300 1080; x_wconf 74' lang='lat' dir='ltr'>Belfort,</span> <span class='ocrx_word' id='word_1_110' title='bbox 1327 1028 1395 1068; x_wconf 90' lang='lat' dir='ltr'>ubi</span> <span class='ocrx_word' id='word_1_111' title='bbox 1418 1029 1641 1068; x_wconf 85' lang='lat' dir='ltr'>habitabat</span> <span class='ocrx_word' id='word_1_112' title='bbox 1662 1029 1761 1068; x_wconf 86' lang='lat' dir='ltr'>Flo-</span> 
     </span>
     <span class='ocr_line' id='line_1_15' title="bbox 208 1095 705 1148; baseline -0.012 -10"><span class='ocrx_word' id='word_1_113' title='bbox 208 1111 299 1146; x_wconf 78' lang='lat' dir='ltr'>rus,</span> <span class='ocrx_word' id='word_1_114' title='bbox 324 1096 461 1136; x_wconf 88' lang='lat' dir='ltr'>tendit</span> <span class='ocrx_word' id='word_1_115' title='bbox 483 1095 705 1148; x_wconf 72' lang='lat'>(234-313).</span> 
     </span>
    </p>

    <p class='ocr_par' dir='ltr' id='par_1_4' title="bbox 203 1158 1764 1341">
     <span class='ocr_line' id='line_1_16' title="bbox 258 1158 1760 1209; baseline -0.002 -8"><span class='ocrx_word' id='word_1_116' title='bbox 258 1163 429 1202; x_wconf 85' lang='lat' dir='ltr'>Interea</span> <span class='ocrx_word' id='word_1_117' title='bbox 459 1160 707 1208; x_wconf 80' lang='lat' dir='ltr'>Richarius‚</span> <span class='ocrx_word' id='word_1_118' title='bbox 730 1160 1010 1198; x_wconf 72' lang='lat' dir='ltr'>Floovantem</span> <span class='ocrx_word' id='word_1_119' title='bbox 1032 1170 1247 1209; x_wconf 62' lang='lat' dir='ltr'>quaerens,</span> <span class='ocrx_word' id='word_1_120' title='bbox 1274 1158 1562 1197; x_wconf 83' lang='lat' dir='ltr'>Sarracenum</span> <span class='ocrx_word' id='word_1_121' title='bbox 1583 1159 1760 1198; x_wconf 65' lang='lat' dir='ltr'>obvium</span> 
     </span>
     <span class='ocr_line' id='line_1_17' title="bbox 206 1223 1764 1278; baseline -0.003 -10"><span class='ocrx_word' id='word_1_122' title='bbox 206 1229 337 1268; x_wconf 85' lang='lat' dir='ltr'>habet</span> <span class='ocrx_word' id='word_1_123' title='bbox 368 1239 497 1278; x_wconf 82' lang='lat' dir='ltr'>quem</span> <span class='ocrx_word' id='word_1_124' title='bbox 524 1225 741 1264; x_wconf 71' lang='lat' dir='ltr'>Floovans</span> <span class='ocrx_word' id='word_1_125' title='bbox 767 1226 1014 1276; x_wconf 79' lang='lat' dir='ltr'>fugaverat;</span> <span class='ocrx_word' id='word_1_126' title='bbox 1039 1224 1162 1263; x_wconf 88' lang='lat' dir='ltr'>illum</span> <span class='ocrx_word' id='word_1_127' title='bbox 1185 1224 1235 1262; x_wconf 90' lang='lat' dir='ltr'>de</span> <span class='ocrx_word' id='word_1_128' title='bbox 1259 1223 1495 1262; x_wconf 75' lang='lat' dir='ltr'>Floovante</span> <span class='ocrx_word' id='word_1_129' title='bbox 1522 1223 1764 1276; x_wconf 87' lang='lat' dir='ltr'>interrogat</span> 
     </span>
     <span class='ocr_line' id='line_1_18' title="bbox 203 1289 1301 1341; baseline -0.005 -8"><span class='ocrx_word' id='word_1_130' title='bbox 203 1299 245 1334; x_wconf 94' lang='lat' dir='ltr'>et</span> <span class='ocrx_word' id='word_1_131' title='bbox 265 1297 450 1332; x_wconf 89' lang='lat' dir='ltr'>mortem</span> <span class='ocrx_word' id='word_1_132' title='bbox 473 1291 557 1331; x_wconf 87' lang='lat' dir='ltr'>sibi</span> <span class='ocrx_word' id='word_1_133' title='bbox 580 1291 817 1329; x_wconf 80' lang='lat' dir='ltr'>minantem</span> <span class='ocrx_word' id='word_1_134' title='bbox 837 1289 1051 1329; x_wconf 86' lang='lat' dir='ltr'>interimit</span> <span class='ocrx_word' id='word_1_135' title='bbox 1070 1289 1301 1341; x_wconf 58' lang='lat'>(314-347).</span> 
     </span>
    </p>

    <p class='ocr_par' dir='ltr' id='par_1_5' title="bbox 199 1354 1760 1799">
     <span class='ocr_line' id='line_1_19' title="bbox 258 1354 1759 1407; baseline -0.002 -10"><span class='ocrx_word' id='word_1_136' title='bbox 258 1359 474 1398; x_wconf 69' lang='lat' dir='ltr'>Fioomns</span> <span class='ocrx_word' id='word_1_137' title='bbox 510 1359 654 1395; x_wconf 86' lang='lat' dir='ltr'>autem</span> <span class='ocrx_word' id='word_1_138' title='bbox 688 1356 923 1394; x_wconf 88' lang='lat' dir='ltr'>immanem</span> <span class='ocrx_word' id='word_1_139' title='bbox 970 1367 1203 1407; x_wconf 79' lang='lat' dir='ltr'>paganum,</span> <span class='ocrx_word' id='word_1_140' title='bbox 1250 1355 1417 1394; x_wconf 85' lang='lat' dir='ltr'>Galieni</span> <span class='ocrx_word' id='word_1_141' title='bbox 1455 1354 1573 1403; x_wconf 73' lang='lat' dir='ltr'>regis</span> <span class='ocrx_word' id='word_1_142' title='bbox 1607 1354 1759 1403; x_wconf 88' lang='lat' dir='ltr'>filium,</span> 
     </span>
     <span class='ocr_line' id='line_1_20' title="bbox 202 1419 1760 1474; baseline -0.003 -11"><span class='ocrx_word' id='word_1_143' title='bbox 202 1425 390 1474; x_wconf 69' lang='lat' dir='ltr'>Fernagyu</span> <span class='ocrx_word' id='word_1_144' title='bbox 412 1421 601 1468; x_wconf 87' lang='lat' dir='ltr'>nomine,</span> <span class='ocrx_word' id='word_1_145' title='bbox 627 1420 823 1472; x_wconf 77' lang='lat' dir='ltr'>offendit,</span> <span class='ocrx_word' id='word_1_146' title='bbox 844 1420 911 1459; x_wconf 91' lang='lat' dir='ltr'>cui</span> <span class='ocrx_word' id='word_1_147' title='bbox 934 1419 1058 1470; x_wconf 83' lang='lat' dir='ltr'>fingit</span> <span class='ocrx_word' id='word_1_148' title='bbox 1079 1432 1126 1458; x_wconf 89' lang='lat' dir='ltr'>se</span> <span class='ocrx_word' id='word_1_149' title='bbox 1149 1420 1400 1470; x_wconf 87' lang='lat' dir='ltr'>gregarium</span> <span class='ocrx_word' id='word_1_150' title='bbox 1428 1420 1610 1458; x_wconf 90' lang='lat' dir='ltr'>militem</span> <span class='ocrx_word' id='word_1_151' title='bbox 1643 1433 1663 1458; x_wconf 92' lang='lat' dir='ltr'>e</span> <span class='ocrx_word' id='word_1_152' title='bbox 1700 1420 1760 1459; x_wconf 91' lang='lat' dir='ltr'>ci-</span> 
     </span>
     <span class='ocr_line' id='line_1_21' title="bbox 200 1484 1760 1535; baseline -0.001 -8"><span class='ocrx_word' id='word_1_153' title='bbox 200 1489 333 1528; x_wconf 62' lang='lat' dir='ltr'>vitate</span> <span class='ocrx_word' id='word_1_154' title='bbox 369 1487 605 1526; x_wconf 81' lang='lat' dir='ltr'>Monloone</span> <span class='ocrx_word' id='word_1_155' title='bbox 640 1489 805 1532; x_wconf 88' lang='lat' dir='ltr'>ortum,</span> <span class='ocrx_word' id='word_1_156' title='bbox 844 1485 977 1524; x_wconf 88' lang='lat' dir='ltr'>filiam</span> <span class='ocrx_word' id='word_1_157' title='bbox 1018 1485 1236 1524; x_wconf 89' lang='lat' dir='ltr'>siniscalci</span> <span class='ocrx_word' id='word_1_158' title='bbox 1266 1484 1446 1523; x_wconf 73' lang='lat' dir='ltr'>De&#39;sclere&#39;z&#39;</span> <span class='ocrx_word' id='word_1_159' title='bbox 1476 1485 1665 1535; x_wconf 84' lang='lat' dir='ltr'>(Didier)</span> <span class='ocrx_word' id='word_1_160' title='bbox 1707 1486 1760 1525; x_wconf 90' lang='lat' dir='ltr'>ad</span> 
     </span>
     <span class='ocr_line' id='line_1_22' title="bbox 203 1550 1759 1605; baseline -0.003 -12"><span class='ocrx_word' id='word_1_161' title='bbox 203 1565 415 1605; x_wconf 87' lang='lat' dir='ltr'>sponsum</span> <span class='ocrx_word' id='word_1_162' title='bbox 445 1552 619 1590; x_wconf 84' lang='lat' dir='ltr'>ducere.</span> <span class='ocrx_word' id='word_1_163' title='bbox 663 1550 805 1598; x_wconf 84' lang='lat' dir='ltr'>Quum</span> <span class='ocrx_word' id='word_1_164' title='bbox 847 1550 1047 1601; x_wconf 87' lang='lat' dir='ltr'>Fernagu</span> <span class='ocrx_word' id='word_1_165' title='bbox 1087 1550 1239 1601; x_wconf 64' lang='lat' dir='ltr'>puella}</span> <span class='ocrx_word' id='word_1_166' title='bbox 1271 1553 1473 1601; x_wconf 84' lang='lat' dir='ltr'>stuprum</span> <span class='ocrx_word' id='word_1_167' title='bbox 1507 1550 1759 1599; x_wconf 87' lang='lat' dir='ltr'>minaretur,</span> 
     </span>
     <span class='ocr_line' id='line_1_23' title="bbox 201 1615 1757 1668; baseline -0.001 -12"><span class='ocrx_word' id='word_1_168' title='bbox 201 1618 315 1656; x_wconf 89' lang='lat' dir='ltr'>inter</span> <span class='ocrx_word' id='word_1_169' title='bbox 354 1628 572 1668; x_wconf 88' lang='lat' dir='ltr'>paganum</span> <span class='ocrx_word' id='word_1_170' title='bbox 619 1619 662 1655; x_wconf 91' lang='lat' dir='ltr'>et</span> <span class='ocrx_word' id='word_1_171' title='bbox 700 1615 982 1655; x_wconf 74' lang='lat' dir='ltr'>Floovantem</span> <span class='ocrx_word' id='word_1_172' title='bbox 1020 1615 1286 1654; x_wconf 86' lang='lat' dir='ltr'>horrendum</span> <span class='ocrx_word' id='word_1_173' title='bbox 1331 1615 1470 1654; x_wconf 86' lang='lat' dir='ltr'>oritur</span> <span class='ocrx_word' id='word_1_174' title='bbox 1511 1618 1730 1654; x_wconf 84' lang='lat' dir='ltr'>certamen</span> <span class='ocrx_word' id='word_1_175' title='bbox 1748 1648 1757 1665; x_wconf 92' lang='lat'>,</span> 
     </span>
     <span class='ocr_line' id='line_1_24' title="bbox 201 1681 1758 1734; baseline 0 -13"><span class='ocrx_word' id='word_1_176' title='bbox 201 1683 317 1734; x_wconf 81' lang='lat' dir='ltr'>quod</span> <span class='ocrx_word' id='word_1_177' title='bbox 354 1685 509 1721; x_wconf 70' lang='lat' dir='ltr'>eventu</span> <span class='ocrx_word' id='word_1_178' title='bbox 545 1693 679 1732; x_wconf 82' lang='lat' dir='ltr'>quum</span> <span class='ocrx_word' id='word_1_179' title='bbox 718 1681 900 1720; x_wconf 87' lang='lat' dir='ltr'>dubium</span> <span class='ocrx_word' id='word_1_180' title='bbox 942 1683 1079 1728; x_wconf 77' lang='lat' dir='ltr'>esset,</span> <span class='ocrx_word' id='word_1_181' title='bbox 1119 1683 1352 1719; x_wconf 88' lang='lat' dir='ltr'>occurrunt</span> <span class='ocrx_word' id='word_1_182' title='bbox 1388 1683 1575 1731; x_wconf 87' lang='lat' dir='ltr'>quatuor</span> <span class='ocrx_word' id='word_1_183' title='bbox 1608 1681 1758 1721; x_wconf 76' lang='lat' dir='ltr'>Turcae</span> 
     </span>
     <span class='ocr_line' id='line_1_25' title="bbox 199 1749 417 1799; baseline -0.005 -13"><span class='ocrx_word' id='word_1_184' title='bbox 199 1749 417 1799; x_wconf 66' lang='lat'><strong>(3-48-432).</strong></span> 
     </span>
    </p>

    <p class='ocr_par' dir='ltr' id='par_1_6' title="bbox 197 1811 1757 2176">
     <span class='ocr_line' id='line_1_26' title="bbox 254 1811 1756 1862; baseline -0.001 -11"><span class='ocrx_word' id='word_1_185' title='bbox 254 1812 333 1851; x_wconf 91' lang='lat' dir='ltr'>Hic</span> <span class='ocrx_word' id='word_1_186' title='bbox 355 1813 515 1851; x_wconf 86' lang='lat' dir='ltr'>desunt</span> <span class='ocrx_word' id='word_1_187' title='bbox 526 1813 676 1858; x_wconf 82' lang='lat' dir='ltr'>multa,</span> <span class='ocrx_word' id='word_1_188' title='bbox 698 1814 885 1862; x_wconf 84' lang='lat' dir='ltr'>quatuor</span> <span class='ocrx_word' id='word_1_189' title='bbox 906 1814 980 1850; x_wconf 91' lang='lat' dir='ltr'>aut</span> <span class='ocrx_word' id='word_1_190' title='bbox 998 1811 1147 1850; x_wconf 85' lang='lat' dir='ltr'>forsan</span> <span class='ocrx_word' id='word_1_191' title='bbox 1160 1814 1256 1850; x_wconf 88' lang='lat' dir='ltr'>octo</span> <span class='ocrx_word' id='word_1_192' title='bbox 1270 1811 1433 1850; x_wconf 87' lang='lat' dir='ltr'>codicis</span> <span class='ocrx_word' id='word_1_193' title='bbox 1449 1811 1566 1850; x_wconf 87' lang='lat' dir='ltr'>foliis</span> <span class='ocrx_word' id='word_1_194' title='bbox 1578 1811 1756 1850; x_wconf 89' lang='lat' dir='ltr'>amissis</span> 
     </span>
     <span class='ocr_line' id='line_1_27' title="bbox 200 1875 1753 1927; baseline -0.001 -11"><span class='ocrx_word' id='word_1_195' title='bbox 200 1878 243 1916; x_wconf 90' lang='lat' dir='ltr'>in</span> <span class='ocrx_word' id='word_1_196' title='bbox 291 1877 467 1927; x_wconf 85' lang='lat' dir='ltr'>quibus,</span> <span class='ocrx_word' id='word_1_197' title='bbox 506 1880 553 1915; x_wconf 89' lang='lat' dir='ltr'>ut</span> <span class='ocrx_word' id='word_1_198' title='bbox 587 1889 608 1914; x_wconf 92' lang='lat' dir='ltr'>e</span> <span class='ocrx_word' id='word_1_199' title='bbox 645 1876 804 1915; x_wconf 66' lang='lat' dir='ltr'>fabula]</span> <span class='ocrx_word' id='word_1_200' title='bbox 832 1880 980 1914; x_wconf 89' lang='lat' dir='ltr'>tenore</span> <span class='ocrx_word' id='word_1_201' title='bbox 1002 1875 1152 1926; x_wconf 86' lang='lat' dir='ltr'>liquet,</span> <span class='ocrx_word' id='word_1_202' title='bbox 1177 1875 1437 1914; x_wconf 86' lang='lat' dir='ltr'>narrabatur</span> <span class='ocrx_word' id='word_1_203' title='bbox 1457 1876 1753 1923; x_wconf 71' lang='lat' dir='ltr'>Floovantem,</span> 
     </span>
     <span class='ocr_line' id='line_1_28' title="bbox 200 1940 1756 1991; baseline -0.001 -11"><span class='ocrx_word' id='word_1_204' title='bbox 200 1942 507 1991; x_wconf 86' lang='lat' dir='ltr'>Floretamque</span> <span class='ocrx_word' id='word_1_205' title='bbox 555 1945 597 1979; x_wconf 90' lang='lat' dir='ltr'>et</span> <span class='ocrx_word' id='word_1_206' title='bbox 633 1940 912 1987; x_wconf 52' lang='lat' dir='ltr'>Richarium2</span> <span class='ocrx_word' id='word_1_207' title='bbox 957 1940 1104 1979; x_wconf 60' lang='lat' dir='ltr'>varios</span> <span class='ocrx_word' id='word_1_208' title='bbox 1144 1944 1244 1991; x_wconf 85' lang='lat' dir='ltr'>post</span> <span class='ocrx_word' id='word_1_209' title='bbox 1280 1952 1409 1979; x_wconf 88' lang='lat' dir='ltr'>casus</span> <span class='ocrx_word' id='word_1_210' title='bbox 1426 1971 1434 1985; x_wconf 80' lang='grc'>,</span> <span class='ocrx_word' id='word_1_211' title='bbox 1484 1941 1536 1979; x_wconf 90' lang='lat' dir='ltr'>ad</span> <span class='ocrx_word' id='word_1_212' title='bbox 1578 1940 1756 1979; x_wconf 87' lang='lat' dir='ltr'>Florum</span> 
     </span>
     <span class='ocr_line' id='line_1_29' title="bbox 197 2005 1756 2058; baseline -0.002 -12"><span class='ocrx_word' id='word_1_213' title='bbox 197 2008 331 2046; x_wconf 73' lang='lat' dir='ltr'>Ausae</span> <span class='ocrx_word' id='word_1_214' title='bbox 352 2019 501 2058; x_wconf 89' lang='lat' dir='ltr'>regem</span> <span class='ocrx_word' id='word_1_215' title='bbox 523 2006 804 2058; x_wconf 68' lang='lat' dir='ltr'>pervenisse3</span> <span class='ocrx_word' id='word_1_216' title='bbox 828 2006 1111 2045; x_wconf 69' lang='lat' dir='ltr'>Fioomntom</span> <span class='ocrx_word' id='word_1_217' title='bbox 1143 2009 1289 2044; x_wconf 89' lang='lat' dir='ltr'>autem</span> <span class='ocrx_word' id='word_1_218' title='bbox 1312 2010 1354 2045; x_wconf 88' lang='lat' dir='ltr'>et</span> <span class='ocrx_word' id='word_1_219' title='bbox 1380 2005 1635 2045; x_wconf 87' lang='lat' dir='ltr'>Richarium</span> <span class='ocrx_word' id='word_1_220' title='bbox 1658 2017 1756 2044; x_wconf 87' lang='lat' dir='ltr'>cum</span> 
     </span>
     <span class='ocr_line' id='line_1_30' title="bbox 198 2071 1757 2121; baseline -0.001 -11"><span class='ocrx_word' id='word_1_221' title='bbox 198 2072 390 2111; x_wconf 80' lang='lat' dir='ltr'>exercitu</span> <span class='ocrx_word' id='word_1_222' title='bbox 412 2072 464 2111; x_wconf 91' lang='lat' dir='ltr'>ad</span> <span class='ocrx_word' id='word_1_223' title='bbox 481 2071 772 2110; x_wconf 88' lang='lat' dir='ltr'>obsidendum</span> <span class='ocrx_word' id='word_1_224' title='bbox 793 2071 1134 2110; x_wconf 81' lang='lat' dir='ltr'>Sarracenorum</span> <span class='ocrx_word' id='word_1_225' title='bbox 1157 2071 1384 2110; x_wconf 84' lang='lat' dir='ltr'>castellum</span> <span class='ocrx_word' id='word_1_226' title='bbox 1405 2071 1433 2109; x_wconf 80' lang='grc' dir='ltr'><strong><em>Α</em></strong></span> <span class='ocrx_word' id='word_1_227' title='bbox 1447 2076 1588 2113; x_wconf 72' lang='lat' dir='ltr'>venant</span> <span class='ocrx_word' id='word_1_228' title='bbox 1610 2083 1634 2109; x_wconf 88' lang='lat' dir='ltr'>a</span> <span class='ocrx_word' id='word_1_229' title='bbox 1655 2081 1757 2121; x_wconf 84' lang='lat' dir='ltr'>rege</span> 
     </span>
     <span class='ocr_line' id='line_1_31' title="bbox 198 2137 654 2176; baseline 0 0"><span class='ocrx_word' id='word_1_230' title='bbox 198 2137 327 2176; x_wconf 87' lang='lat' dir='ltr'>Floro</span> <span class='ocrx_word' id='word_1_231' title='bbox 351 2138 514 2176; x_wconf 89' lang='lat' dir='ltr'>missos</span> <span class='ocrx_word' id='word_1_232' title='bbox 539 2149 654 2176; x_wconf 89' lang='lat' dir='ltr'>esse.</span> 
     </span>
    </p>

    <p class='ocr_par' dir='ltr' id='par_1_7' title="bbox 144 2202 1756 2643">
     <span class='ocr_line' id='line_1_32' title="bbox 249 2202 1756 2254; baseline -0.001 -13"><span class='ocrx_word' id='word_1_233' title='bbox 249 2203 335 2241; x_wconf 90' lang='lat' dir='ltr'>Ubi</span> <span class='ocrx_word' id='word_1_234' title='bbox 375 2203 564 2241; x_wconf 88' lang='lat' dir='ltr'>narratio</span> <span class='ocrx_word' id='word_1_235' title='bbox 602 2203 827 2254; x_wconf 77' lang='lat' dir='ltr'>repetitur,</span> <span class='ocrx_word' id='word_1_236' title='bbox 863 2202 1090 2241; x_wconf 83' lang='lat' dir='ltr'>Sarraceni</span> <span class='ocrx_word' id='word_1_237' title='bbox 1132 2215 1181 2241; x_wconf 79' lang='lat' dir='ltr'>ex</span> <span class='ocrx_word' id='word_1_238' title='bbox 1221 2202 1380 2254; x_wconf 92' lang='lat' dir='ltr'>oppido</span> <span class='ocrx_word' id='word_1_239' title='bbox 1420 2203 1700 2252; x_wconf 84' lang='lat' dir='ltr'>erumpentes</span> <span class='ocrx_word' id='word_1_240' title='bbox 1733 2213 1756 2240; x_wconf 86' lang='lat' dir='ltr'>a</span> 
     </span>
     <span class='ocr_line' id='line_1_33' title="bbox 194 2266 1755 2314; baseline 0 -10"><span class='ocrx_word' id='word_1_241' title='bbox 194 2266 444 2313; x_wconf 72' lang='lat' dir='ltr'>Floovante‚</span> <span class='ocrx_word' id='word_1_242' title='bbox 470 2267 691 2314; x_wconf 74' lang='lat' dir='ltr'>Richario,</span> <span class='ocrx_word' id='word_1_243' title='bbox 716 2268 894 2306; x_wconf 85' lang='lat' dir='ltr'>Urbano</span> <span class='ocrx_word' id='word_1_244' title='bbox 914 2268 1154 2306; x_wconf 75' lang='lat' dir='ltr'>Alemanno</span> <span class='ocrx_word' id='word_1_245' title='bbox 1177 2271 1218 2306; x_wconf 94' lang='lat' dir='ltr'>et</span> <span class='ocrx_word' id='word_1_246' title='bbox 1240 2267 1337 2306; x_wconf 86' lang='lat' dir='ltr'>aliis</span> <span class='ocrx_word' id='word_1_247' title='bbox 1361 2267 1602 2306; x_wconf 68' lang='lat' dir='ltr'>caeduntur.</span> <span class='ocrx_word' id='word_1_248' title='bbox 1624 2266 1755 2304; x_wconf 80' lang='lat' dir='ltr'>Mau-</span> 
     </span>
     <span class='ocr_line' id='line_1_34' title="bbox 193 2330 1756 2382; baseline 0.001 -14"><span class='ocrx_word' id='word_1_249' title='bbox 193 2330 309 2380; x_wconf 81' lang='lat' dir='ltr'>galia</span> <span class='ocrx_word' id='word_1_250' title='bbox 329 2334 487 2377; x_wconf 81' lang='lat' dir='ltr'>autem,</span> <span class='ocrx_word' id='word_1_251' title='bbox 510 2331 597 2370; x_wconf 81' lang='lat' dir='ltr'>filia</span> <span class='ocrx_word' id='word_1_252' title='bbox 618 2331 785 2370; x_wconf 86' lang='lat' dir='ltr'>Galieni</span> <span class='ocrx_word' id='word_1_253' title='bbox 808 2332 1147 2370; x_wconf 84' lang='lat' dir='ltr'>Sarracenorum</span> <span class='ocrx_word' id='word_1_254' title='bbox 1170 2332 1302 2382; x_wconf 86' lang='lat' dir='ltr'>regis,</span> <span class='ocrx_word' id='word_1_255' title='bbox 1325 2332 1606 2370; x_wconf 76' lang='lat' dir='ltr'>Floovantem</span> <span class='ocrx_word' id='word_1_256' title='bbox 1629 2331 1756 2370; x_wconf 83' lang='lat' dir='ltr'>forti-</span> 
     </span>
     <span class='ocr_line' id='line_1_35' title="bbox 144 2394 1752 2446; baseline 0.001 -14"><span class='ocrx_word' id='word_1_257' title='bbox 144 2394 150 2399; x_wconf 84' lang='lat'><strong><em>&#39;</em></strong></span> <span class='ocrx_word' id='word_1_258' title='bbox 196 2397 262 2432; x_wconf 89' lang='lat' dir='ltr'>ter</span> <span class='ocrx_word' id='word_1_259' title='bbox 294 2400 560 2446; x_wconf 82' lang='lat' dir='ltr'>pugnantem</span> <span class='ocrx_word' id='word_1_260' title='bbox 592 2396 824 2443; x_wconf 84' lang='lat' dir='ltr'>admirata,</span> <span class='ocrx_word' id='word_1_261' title='bbox 857 2397 1042 2436; x_wconf 88' lang='lat' dir='ltr'>adamat.</span> <span class='ocrx_word' id='word_1_262' title='bbox 1078 2397 1228 2435; x_wconf 87' lang='lat' dir='ltr'>Franci</span> <span class='ocrx_word' id='word_1_263' title='bbox 1265 2397 1454 2436; x_wconf 65' lang='lat' dir='ltr'>victores</span> <span class='ocrx_word' id='word_1_264' title='bbox 1489 2396 1542 2435; x_wconf 93' lang='lat' dir='ltr'>ad</span> <span class='ocrx_word' id='word_1_265' title='bbox 1575 2395 1752 2434; x_wconf 88' lang='lat' dir='ltr'>Florum</span> 
     </span>
     <span class='ocr_line' id='line_1_36' title="bbox 194 2458 1751 2513; baseline 0.003 -18"><span class='ocrx_word' id='word_1_266' title='bbox 194 2458 392 2499; x_wconf 88' lang='lat' dir='ltr'>redeunt.</span> <span class='ocrx_word' id='word_1_267' title='bbox 416 2460 507 2499; x_wconf 78' lang='lat' dir='ltr'>Rex</span> <span class='ocrx_word' id='word_1_268' title='bbox 531 2460 594 2500; x_wconf 92' lang='lat' dir='ltr'>eis</span> <span class='ocrx_word' id='word_1_269' title='bbox 617 2462 877 2512; x_wconf 77' lang='lat' dir='ltr'>gratulatus,</span> <span class='ocrx_word' id='word_1_270' title='bbox 901 2461 1127 2501; x_wconf 72' lang='lat' dir='ltr'>Floovanti</span> <span class='ocrx_word' id='word_1_271' title='bbox 1150 2474 1279 2512; x_wconf 85' lang='lat' dir='ltr'>quem</span> <span class='ocrx_word' id='word_1_272' title='bbox 1301 2474 1378 2513; x_wconf 89' lang='lat' dir='ltr'>pro</span> <span class='ocrx_word' id='word_1_273' title='bbox 1401 2473 1592 2513; x_wconf 87' lang='lat' dir='ltr'>paupere</span> <span class='ocrx_word' id='word_1_274' title='bbox 1615 2460 1751 2499; x_wconf 84' lang='lat' dir='ltr'>milite</span> 
     </span>
     <span class='ocr_line' id='line_1_37' title="bbox 196 2522 1751 2578; baseline 0.005 -20"><span class='ocrx_word' id='word_1_275' title='bbox 196 2525 234 2559; x_wconf 81' lang='lat' dir='ltr'>et</span> <span class='ocrx_word' id='word_1_276' title='bbox 259 2522 440 2573; x_wconf 75' lang='lat' dir='ltr'>ignobili</span> <span class='ocrx_word' id='word_1_277' title='bbox 462 2526 594 2566; x_wconf 89' lang='lat' dir='ltr'>habet</span> <span class='ocrx_word' id='word_1_278' title='bbox 614 2527 807 2578; x_wconf 65' lang='lat' dir='ltr'>praedam</span> <span class='ocrx_word' id='word_1_279' title='bbox 835 2527 962 2566; x_wconf 80' lang='lat' dir='ltr'>offert</span> <span class='ocrx_word' id='word_1_280' title='bbox 995 2539 1124 2578; x_wconf 87' lang='lat' dir='ltr'>quam</span> <span class='ocrx_word' id='word_1_281' title='bbox 1158 2527 1270 2566; x_wconf 87' lang='lat' dir='ltr'>inter</span> <span class='ocrx_word' id='word_1_282' title='bbox 1304 2527 1466 2566; x_wconf 89' lang='lat' dir='ltr'>milites</span> <span class='ocrx_word' id='word_1_283' title='bbox 1500 2526 1569 2566; x_wconf 86' lang='lat' dir='ltr'>hic</span> <span class='ocrx_word' id='word_1_284' title='bbox 1602 2526 1751 2565; x_wconf 87' lang='lat' dir='ltr'>distri-</span> 
     </span>
     <span class='ocr_line' id='line_1_38' title="bbox 195 2587 540 2643; baseline 0.017 -18"><span class='ocrx_word' id='word_1_285' title='bbox 195 2587 289 2627; x_wconf 90' lang='lat' dir='ltr'>buit</span> <span class='ocrx_word' id='word_1_286' title='bbox 312 2589 540 2643; x_wconf 45' lang='lat'>‹1433-503).</span> 
     </span>
    </p>
   </div>
   <div class='ocr_carea' id='block_1_3' title="bbox 234 2740 1148 2839">
    <p class='ocr_par' dir='ltr' id='par_1_8' title="bbox 234 2740 1148 2839">
     <span class='ocr_line' id='line_1_39' title="bbox 240 2740 1148 2783; baseline 0.01 -13"><span class='ocrx_word' id='word_1_287' title='bbox 240 2740 267 2770; x_wconf 83' lang='lat'>1.</span> <span class='ocrx_word' id='word_1_288' title='bbox 289 2740 383 2772; x_wconf 70' lang='lat' dir='ltr'>Ausa</span> <span class='ocrx_word' id='word_1_289' title='bbox 399 2746 451 2774; x_wconf 83' lang='lat' dir='ltr'>est</span> <span class='ocrx_word' id='word_1_290' title='bbox 477 2744 623 2777; x_wconf 35' lang='lat' dir='ltr'>lusce:</span> <span class='ocrx_word' id='word_1_291' title='bbox 637 2745 788 2783; x_wconf 54' lang='lat' dir='ltr'>‚llsult&#39;m</span> <span class='ocrx_word' id='word_1_292' title='bbox 806 2746 842 2778; x_wconf 83' lang='lat' dir='ltr'>id</span> <span class='ocrx_word' id='word_1_293' title='bbox 865 2749 930 2783; x_wconf 81' lang='lat' dir='ltr'>est,</span> <span class='ocrx_word' id='word_1_294' title='bbox 950 2747 1148 2779; x_wconf 72' lang='lat' dir='ltr'>Aust-rasia.</span> 
     </span>
     <span class='ocr_line' id='line_1_40' title="bbox 234 2792 1011 2839; baseline 0.012 -16"><span class='ocrx_word' id='word_1_295' title='bbox 234 2792 266 2824; x_wconf 75' lang='lat'>2.</span> <span class='ocrx_word' id='word_1_296' title='bbox 288 2793 330 2824; x_wconf 90' lang='lat' dir='ltr'>In</span> <span class='ocrx_word' id='word_1_297' title='bbox 354 2798 450 2827; x_wconf 76' lang='lat' dir='ltr'>textu</span> <span class='ocrx_word' id='word_1_298' title='bbox 470 2797 661 2839; x_wconf 71' lang='lat' dir='ltr'>aliquando</span> <span class='ocrx_word' id='word_1_299' title='bbox 682 2799 833 2833; x_wconf 66' lang='lat' dir='ltr'>Florem-s</span> <span class='ocrx_word' id='word_1_300' title='bbox 857 2803 1011 2833; x_wconf 62' lang='lat' dir='ltr'>vocatur.</span> 
     </span>
    </p>
   </div>
  </div>
 </body>
</html>
