1881 3104
739 72 970 111 -41—

130 181 387 221 Versionem
403 181 505 220 item
522 182 624 220 holl.
642 185 812 220 exstare
833 181 1063 232 ignorabat
1084 181 1135 219 de
1158 193 1243 231 qua
1258 195 1391 234 supra
1411 185 1627 225 disserui-

80 259 193 291 mus,
218 250 260 284 et
280 246 454 284 tertium
481 246 570 285 ital.
595 245 787 284 codicem
813 246 887 296 qui
908 258 932 284 a
960 250 1111 284 nostra
1137 246 1234 284 Nat.
1258 246 1372 286 Bibl.
1395 260 1504 288 anno
1525 251 1629 289 1873

80 310 320 360 acquisitus
341 312 408 349 est
428 314 470 348 et
490 309 762 348 Fioravantis
785 310 992 348 historias
1009 310 1202 360 exponit;
1228 323 1322 360 quae
1350 319 1629 360 monumenta

80 375 116 414 si
129 375 169 413 in
186 378 388 426 promptu
406 374 648 420 habuisset,
669 374 984 424 aliquantulum
1003 387 1127 413 suam
1149 375 1200 413 de
1214 375 1314 414 libri
1329 376 1630 416 dch'ercwante

80 440 323 490 originibus
353 440 610 478 sententiam
633 439 782 477 forsan
802 439 1094 478 immutasset.
1524 493 1528 497 .

136 504 392 555 Perplexam
415 503 522 542 satis
545 507 586 541 et
603 503 866 553 implicatam
888 503 1112 542 materiam
1144 516 1227 554 quo
1257 505 1491 545 dilucidius
1519 510 1630 546 trac—

83 573 240 617 temus,
263 569 403 619 primo
421 567 520 606 libri
542 567 593 606 de
615 567 856 606 Fz'oraeante
868 572 1173 618 argumentum
1188 581 1467 619 exponemus,
1490 572 1635 621 qualis

78 645 101 670 a
123 633 263 683 RaJHa
283 633 326 671 in
350 644 529 671 suarum
550 631 879 683 Dzls‘qzcisz'te'omcm
900 631 983 670 fine
1006 633 1150 671 editus
1170 633 1254 672 fuit
1274 634 1303 671 ἶ.

131 761 403 802 Constantini
439 764 716 814 imperatoris
745 765 927 803 Romani
948 777 1099 815 nepos,
1120 765 1293 803 nomine
1314 765 1459 804 Fz'omcs
1481 766 1630 819 (Floro)

77 840 209 878 quum
231 828 273 866 in
307 829 502 868 convivio
532 830 747 880 scyphum
778 831 953 880 plenum
982 833 1138 881 praeter
1158 831 1426 870 voluntatem
1456 831 1499 868 in
1529 843 1630 869 ves-

78 896 163 930 tem
198 894 427 943 cujusdam
462 895 586 933 ducis
623 895 824 943 fudisset,
863 898 904 933 ct
937 895 989 933 ab
1019 895 1090 933 1110
1122 896 1315 934 convicia
1337 900 1377 935 et
1400 897 1629 947 colaphum

80 957 335 1007 accepisset,
375 959 522 997 dolore
559 963 599 997 et
635 959 698 997 ira
730 959 952 1005 incensus,
990 961 1202 1011 scyphum
1238 964 1356 1000 tanta
1375 961 1481 999 viin
1503 965 1633 1011 caput

80 1025 175 1073 ejus
220 1023 404 1074 projecit
445 1028 492 1062 ut
527 1029 747 1063 mortuum
786 1025 973 1075 pedibus
1009 1025 1281 1064 Constantini
1316 1030 1628 1077 prosterneret.

80 1091 173 1134 Quo
193 1088 305 1126 sacto
329 1088 475 1126 statim
497 1089 610 1139 sugit
630 1089 905 1136 adolescens,
942 1090 1250 1129 comitantibus
1275 1091 1447 1129 duobus
1475 1103 1631 1129 conso-

79 1152 215 1191 brinis
241 1152 404 1203 Gifredo
434 1152 601 1204 (Ge'froz')
623 1157 664 1192 et
687 1154 824 1191 Ottone
845 1154 979 1201 (Otto).
1004 1154 1255 1205 Fugitivum
1277 1158 1538 1206 prosecutus
1554 1159 1635 1198 ,051

78 1217 327 1267 imperator,
353 1217 502 1267 rapido
527 1230 637 1267 equo
657 1222 809 1256 vectus
831 1218 899 1256 cui
921 1231 1077 1257 nomen
1100 1222 1191 1257 erat
1223 1218 1375 1258 Ge'oc'oso
1393 1232 1407 1257 .·
1425 1233 1537 1267 mox,
1563 1233 1632 1259 se·
1671 1219 1674 1222 ’

76 1282 311 1331 quentibus
333 1283 461 1333 longo
482 1283 707 1321 intervallo
730 1283 886 1321 ceteris
903 1284 1127 1330 Romanis,
1150 1288 1349 1335 nepotem
1368 1286 1630 1335 assequitur.

77 1359 173 1384 cum
208 1359 257 1385 eo
293 1350 510 1385 certamen
546 1347 635 1391 init,
674 1351 713 1386 et
744 1360 854 1397 equo
891 1348 1113 1398 deficiunt
1143 1349 1210 1387 001
1240 1349 1437 1388 insiliens
1471 1350 1632 1389 Fiovus

77 1424 171 1449 cum
195 1412 424 1462 armigeris
451 1413 634 1461 aufugit,
657 1413 758 1451 dum
781 1413 963 1452 Romani
980 1416 1198 1463 ¹jacentem
1218 1414 1525 1465 imperatorem
1550 1416 1634 1454 eri-

78 1479 185 1525 gunt
206 1480 247 1514 ct
270 1477 451 1516 Romam
475 1478 702 1516 reducunt.

132 1540 239 1579 Post
270 1541 414 1581 varios
448 1554 618 1581 errores
653 1543 703 1581 ad
741 1545 931 1581 montem
972 1542 1216 1594 Racle'eofanc'
1252 1544 1511 1594 perveniunt
1545 1549 1634 1584 tres

79 1605 377 1645 adolescentes
400 1607 442 1645 in
461 1619 545 1657 quo
569 1608 804 1651 habitabat,
827 1621 879 1646 XL
898 1608 1054 1646 abhinc
1075 1609 1214 1653 annis,
1246 1609 1425 1647 eremita
1458 1610 1634 1659 quidam

78 1669 151 1719 qui
186 1671 447 1721 supplicium
484 1672 535 1710 N.
573 1672 623 1710 D.
655 1672 694 1710 J.
718 1672 763 1711 C.
793 1675 1078 1723 spectaverat.
1105 1672 1185 1720 Qui
1209 1673 1383 1723 quidem
1406 1674 1458 1711 ab
1480 1676 1635 1724 angelo

79 1734 237 1772 certior
270 1736 411 1774 sactus
445 1736 518 1786 qui
553 1740 702 1774 essent
735 1736 926 1775 viatores
960 1740 1001 1774 et
1037 1749 1132 1786 quac
1164 1749 1238 1775 005
1275 1744 1498 1776 manerent
1530 1739 1629 1780 fata,

80 1799 250 1849 magnis
289 1812 386 1838 cum
418 1800 658 1839 honoribus
694 1800 876 1839 Fiovum
909 1804 949 1839 01
981 1801 1144 1840 amicos
1168 1801 1338 1852 excipit,
1367 1806 1515 1841 sancto
1537 1803 1632 1842 cibo

82 1866 263 1910 recreat,
283 1864 438 1903 vexillo
463 1878 485 1903 a
507 1865 597 1903 Deo
620 1865 756 1903 misso
790 1868 832 1903 01
861 1865 1025 1916 optima
1064 1868 1284 1904 armatura
1317 1866 1469 1908 donat:
1500 1867 1557 1905 illi
1590 1872 1635 1906 ut

81 1927 172 1978 regi
201 1928 471 1968 Parisiorum
490 1930 692 1967 Florentio
715 1930 930 1980 (Fz'orenze)
953 1930 1185 1968 auxilietur
1207 1942 1392 1980 eumque
1416 1931 1468 1969 ad
1502 1931 1631 1969 fidem

82 1992 363 2032 christianam
385 1994 571 2033 adducat
590 1995 767 2040 suadet,
791 1998 854 2041 et,
880 1995 949 2033 his
969 1995 1173 2034 omnibus
1197 1995 1409 2045 peractis,
1435 1996 1635 2034 moritur.

135 2058 223 2098 lter
258 2062 457 2109 pergunt,
495 2063 538 2098 et
571 2060 674 2098 dum
708 2060 1011 2098 Lombardiam
1052 2063 1294 2106 transeunt,
1320 2060 1382 2099 eis
1406 2060 1636 2099 duodecim

84 2130 275 2166 latrones
311 2128 544 2163 occurrunt
583 2125 682 2175 qui,
727 2137 859 2175 quum
901 2128 1095 2163 sanctam
1129 2137 1301 2164 crucem
1335 2125 1379 2164 in
1417 2129 1639 2164 armatura

86 2191 300 2242 depictam
355 2188 648 2239 conspiciant,
696 2189 959 2228 christianos
1007 2202 1105 2228 esse
1149 2189 1332 2228 Fiovum
1380 2193 1422 2228 et
1470 2190 1633 2228 amicos

86 2259 342 2307 agnoscunt.
362 2254 470 2292 Post
484 2253 613 2293 breve
636 2258 854 2293 certamen
869 2267 1027 2293 novem
1047 2255 1238 2293 latrones
1261 2255 1528 2302 occiduntur,
1548 2258 1636 2293 tres

86 2322 305 2371 sugantur,
340 2318 413 2369 qui
445 2319 671 2357 castellum
713 2321 866 2370 petunt
898 2321 1024 2369 qu’us
1060 2318 1263 2358 dominus
1296 2319 1545 2358 christianis
1571 2319 1637 2357 in-

85 2384 369 2423 tensissimus
404 2385 508 2421 erat.
543 2383 705 2422 Fiovus
738 2386 882 2422 autem
918 2386 958 2422 et
993 2382 1198 2422 Gifredus
1231 2386 1271 2422 et
1301 2384 1398 2423 Otto
1439 2385 1553 2423 idem
1593 2384 1636 2422 in

132 2560 157 2589 l.
183 2557 212 2590 [1
234 2557 325 2590 libro
354 2557 448 2591 delle,
465 2558 573 2591 scm-ie
596 2558 634 2591 cli
656 2558 881 2602 Fioravante,
911 2560 1096 2597 Rieerche,
1122 2563 1202 2595 ete..
1232 2568 1268 2600 p.
1300 2557 1454 2589 331-490.
1489 2556 1637 2595 (Secun-

88 2611 172 2642 ‹luin
193 2612 281 2643 duos
298 2611 521 2643 Florentinos
545 2611 684 2645 codices
704 2614 968 2655 manuscriptos
991 2613 1118 2649 editus,
1140 2621 1253 2644 01111111
1278 2610 1412 2641 scilicet
1440 2609 1638 2651 magliabe—

89 2664 255 2695 chiantim
279 2663 413 2705 [Palen.
441 2664 486 2699 Π,
519 2663 570 2700 28,
600 2665 825 2707 StrozzianoL
855 2667 1007 2698 alterum
1032 2665 1307 2703 laurentianum,
1329 2662 1432 2703 [Med.
1460 2662 1535 2694 Pal.
1560 2661 1638 2693 cod.

93 2718 197 2758 1192]
