1881 3104
880 146 1143 188 -116—

236 261 279 292 ut
298 256 463 300 videtur,
487 258 760 306 conscriptum.
784 259 816 294 B
836 263 867 294 et
890 260 915 295 G
935 260 1134 296 chartacea
1163 265 1265 301 sunt,
1287 259 1364 295 fere
1384 272 1451 307 per
1481 262 1611 298 omnia
1633 273 1791 300 concor-

235 321 367 357 dantia
388 335 395 357 :
416 323 450 358 D
479 323 613 359 itidem
635 325 870 358 chartaceum
892 329 961 365 est,
989 324 1053 359 sed
1078 323 1119 359 in
1149 323 1418 370 compendium
1440 325 1648 368 redactum,
1674 333 1791 362 01010-

234 397 319 422 rum
342 387 434 423 adeo
456 385 493 423 A
515 388 654 431 simile,
680 393 721 423 ut
753 388 826 424 hoc
859 388 965 423 illius
990 389 1166 435 Epitome
1195 388 1381 424 videatur.
1406 389 1436 424 E
1465 394 1500 424 et
1528 390 1557 424 F
1585 395 1790 438 utrumque

233 450 492 498 fragmentum
522 454 859 489 membranaceum
885 459 941 489 est
964 466 971 490 :
997 465 1087 488 113111
1108 454 1138 488 Ε
1165 453 1300 499 incipit
1320 464 1400 499 cap.
1425 464 1461 497 V,
1487 453 1614 489 deficit
1642 466 1722 501 cap.
1744 467 1787 498 x;

233 520 270 550 at
290 516 320 550 F
343 517 388 551 ab
407 517 520 553 initio
543 518 751 565 integrum,
784 518 940 565 explicit
959 530 1041 565 cap.
1066 529 1174 553 xx'nl.
1199 518 1348 553 Horum
1370 518 1489 563 prius,
1515 519 1657 554 recenti
1673 531 1790 555 manu

231 587 441 624 exaratum,
461 582 500 618 in
520 583 654 618 multis
675 594 760 619 cum
783 582 820 618 A
841 584 1033 625 convenit,
1058 582 1248 629 posterius
1269 594 1357 618 vcro
1383 583 1496 630 paulo
1517 589 1602 630 post
1618 583 1789 620 medium

231 656 305 681 sec.
329 658 393 682 ΧΠ
414 647 671 694 conscriptum
702 658 797 689 esse,
819 646 1018 681 literarum
1046 645 1182 681 ductus
1210 645 1395 688 indicant,
1421 652 1457 681 et
1486 646 1524 682 id
1545 647 1683 683 horum
1704 660 1789 684 om-

230 710 339 745 nium
365 711 554 758 optimum
582 723 663 747 esse
689 722 846 753 censeo;
878 710 1086 757 coeteroqui
1108 709 1144 745 A
1171 715 1207 746 et
1229 710 1262 745 D
1291 711 1331 745 in
1366 711 1500 746 multis
1528 712 1668 748 simile.
1697 713 1789 749 Haec

229 785 318 810 vero
340 775 463 811 versio
479 776 588 822 juxta
608 781 780 812 tenorem
802 776 834 811 B
856 781 892 811 et
916 775 943 811 C
965 776 1183 822 promiscue
1204 781 1259 811 est
1282 775 1478 812 adornata.

282 840 337 875 De
370 840 490 886 ipsius
512 841 693 877 Historiae
720 841 762 890 (si
794 841 832 877 id
865 852 1006 876 nomen
1039 838 1216 887 meretur)
1242 840 1402 876 veritate
1423 852 1501 877 non
1528 842 1695 878 multum
1729 843 1786 879 la-

227 903 343 947 boro,
368 905 437 940 illa
458 906 614 953 quidem
635 905 788 941 videtur
809 916 881 941 sec.
900 916 936 939 1v
961 904 1067 954 pitin
1088 904 1212 940 fronte
1227 904 1331 941 illico
1344 903 1527 953 apparet),
1550 906 1788 953 temporibus

226 969 372 1005 scilicet
390 969 636 1006 Constantini
667 970 813 1017 magni,
838 975 874 1005 et
900 970 1092 1016 Paparum
1123 969 1309 1016 Sylvestri
1332 970 1526 1017 Marcique
1560 975 1667 1017 gesta
1687 982 1782 1014 esse;

227 1034 274 1082 (p.
301 1033 332 1079 3)
355 1035 419 1070 sed
441 1036 622 1071 reclamat
647 1035 873 1082 saepiuscule.
894 1034 1055 1081 repetita
1075 1034 1310 1070 Mahumetis
1328 1036 1489 1077 mentio,
1514 1035 1671 1081 perinde
1690 1047 1732 1072 ac
1754 1036 1786 1071 si

224 1110 297 1143 res,
320 1111 414 1147 quas
444 1101 570 1143 refert,
592 1100 844 1147 contigissent
877 1099 1004 1135 seculo
1032 1111 1097 1135 vni
1133 1105 1221 1135 ante
1249 1099 1332 1135 Car.
1359 1100 1491 1146 Magni
1524 1100 1652 1137 initia.
1674 1100 1785 1137 Adde

223 1164 325 1210 quod
343 1165 499 1202 Ethnici
521 1166 561 1202 in
591 1171 696 1201 textu
730 1165 934 1212 aliquoties
968 1171 1154 1201 vocantur
1173 1165 1382 1212 Progenies
1410 1165 1648 1209 Judaeorum,
1674 1171 1718 1202 111
1749 1171 1787 1203 01

223 1228 375 1273 Chami,
398 1241 434 1265 v.
460 1231 548 1266 infr.
575 1242 654 1277 cap.
678 1242 757 1265 xm.
792 1230 872 1266 Nec
906 1242 983 1266 non
1017 1242 1159 1265 nomen
1187 1230 1261 1265 viri
1294 1229 1443 1274 Isaach,
1471 1242 1552 1277 cap.
1580 1242 1685 1277 ,xx-111,
1709 1236 1780 1267 etc.

221 1292 310 1330 Non
340 1299 470 1330 tamen
497 1295 623 1331 obstat
644 1295 841 1331 Idolorum
864 1295 1086 1341 appellatio,
1112 1306 1186 1342 quo
1219 1295 1351 1331 minus
1382 1295 1488 1342 prior
1515 1296 1708 1331 sententia
1738 1295 1785 1331 ad

219 1360 422 1396 veritatem
443 1371 564 1406 prona
586 1360 709 1395 videri
731 1360 865 1407 possit,
891 1360 922 1394 si
945 1360 1092 1407 reliqua
1114 1361 1208 1396 alias
1229 1361 1339 1396 firmo
1365 1361 1544 1397 nituntur
1565 1361 1656 1397 talo.
1681 1360 1784 1396 Con-

220 1425 320 1461 ditor
337 1425 441 1460 enim
464 1425 544 1471 ejus
565 1425 748 1460 Historiae
770 1424 1045 1471 posterioribus
1066 1426 1164 1461 vixit
1185 1425 1338 1467 seculis,
1365 1426 1504 1473 quibus
1526 1426 1654 1462 forsan
1675 1426 1782 1473 igno-

218 1496 299 1526 tum
331 1490 423 1533 fuit«,
461 1490 568 1537 queis
604 1490 829 1526 nominibus
855 1490 935 1525 haec
968 1490 1072 1526 idola
1102 1491 1374 1526 remotioribus
1408 1491 1646 1527 vocabantur
1686 1495 1780 1526 tem-

218 1556 387 1603 poribus.
412 1556 620 1602 Nuncupat
650 1555 769 1601 igitur
789 1553 937 1590 Auctor
964 1555 1067 1590 idola
1094 1555 1142 1590 iis
1173 1555 1411 1598 nominibus,
1437 1567 1520 1602 quse
1549 1555 1677 1591 seculo
1699 1555 1780 1602 ejus

216 1620 370 1666 cognita
388 1620 505 1655 suere.
534 1619 602 1655 Sin
621 1618 787 1666 [lenique
812 1619 853 1653 in
875 1619 923 1653 iis
942 1619 1244 1661 commentariis,
1273 1619 1413 1665 quibus
1434 1619 1527 1655 fides
1547 1620 1682 1655 haberi
1710 1630 1781 1666 po-

216 1690 303 1727 test,
324 1685 487 1721 occurrit
520 1683 660 1731 aliquis
690 1684 804 1729 hujus
826 1684 1010 1725 nominis,
1035 1683 1100 1729 qui
1122 1695 1242 1730 genus
1263 1696 1306 1718 ex
1327 1684 1581 1720 Constantino
1611 1684 1776 1725 duxerit,

217 1754 253 1785 et
273 1762 328 1785 res
347 1751 650 1786 Say-racemorum
669 1749 708 1783 111
727 1749 879 1795 Europa
900 1760 972 1784 sec.
995 1760 1062 1783 vni
1084 1749 1315 1795 profligavit,
1341 1760 1398 1784 res
1421 1749 1493 1783 erit
1510 1749 1781 1796 propemodum

217 1815 335 1850 salva.
366 1815 447 1862 Ego
468 1815 550 1851 haec
570 1814 728 1851 confusa
761 1814 854 1850 adeo
877 1825 954 1849 non
987 1813 1193 1850 conciliare
1227 1824 1397 1860 possum,
1422 1820 1464 1848 ut
1488 1813 1622 1849 eadem
1653 1813 1783 1860 potius

216 1879 257 1915 in
290 1879 417 1915 medio
450 1880 688 1926 relinquam;
714 1879 790 1914 nisi
825 1890 910 1926 quae
942 1890 1029 1914 mea
1057 1890 1168 1914 mens
1201 1884 1270 1919 est,
1297 1878 1474 1921 dixerim,
1510 1889 1648 1925 nempe
1680 1878 1781 1914 hanc

212 1944 442 1987 Historiam,
466 1944 647 1980 omnibus
667 1944 832 1980 criteriis
857 1943 972 1979 simul
1004 1943 1154 1985 sumtis,
1181 1943 1280 1978 inter
1302 1954 1346 1977 ea
1373 1949 1680 1979 commentorum
1716 1954 1782 1989 ge-

213 2021 319 2051 nera,
358 2021 440 2057 quae
470 2009 586 2056 vulgo
615 2010 754 2045 Roman
786 2008 954 2058 (Fabulle
987 2005 1263 2054 Romanenses')
1297 2007 1550 2054 appellantur,
1588 2018 1780 2053 reponen-

215 2074 301 2110 dam
336 2085 430 2110 esse.
455 2074 574 2110 Porro
604 2073 645 2108 111
665 2072 842 2110 1513111113
874 2072 990 2108 hodie
1018 2072 1119 2107 inter
1140 2072 1334 2108 Historias
1365 2071 1519 2107 incerta}
1540 2071 1630 2106 fidei
1651 2082 1778 2106 annu-

213 2145 396 2182 meratur,
442 2151 550 2187 aeque
585 2150 628 2175 ac
663 2138 822 2186 reliquae
858 2137 1054 2184 plurimae,
1093 2148 1177 2184 quse
1213 2137 1258 2172 de
1291 2136 1404 2172 rebus
1449 2136 1624 2184 gentium
1663 2135 1778 2182 paulo

212 2204 465 2240 remotiorum
483 2209 622 2251 agunt;
645 2203 709 2239 sed
731 2208 881 2238 tantum
904 2202 1173 2238 oblectationis
1208 2213 1296 2248 ergo
1319 2201 1560 2237 auditoribus
1586 2200 1663 2249 (qui
1694 2211 1778 2236 mos

207 2269 357 2315 jamdiu
377 2266 555 2316 invaluit)
578 2268 813 2315 praelegitur,
835 2267 915 2314 qui,
940 2268 997 2303 uti
1020 2272 1058 2303 et
1077 2266 1150 2313 ipsi
1171 2267 1356 2314 legentes,
1382 2277 1518 2313 parum
1540 2265 1584 2301 de
1606 2264 1679 2300 fide
1697 2265 1778 2311 ejus

211 2334 368 2370 solliciti
391 2340 496 2370 sunt.

264 2398 375 2443 Quod
399 2399 446 2435 ad
466 2399 698 2446 Scriptorem
730 2398 881 2442 attinet,
907 2398 1134 2445 neutiquam
1155 2395 1309 2433 Author
1337 2383 1523 2432 Islandiae‘
1539 2395 1664 2443 gentis
1686 2393 1772 2435 fuit,

212 2464 251 2499 id
282 2465 382 2511 quod
415 2476 460 2500 ex
494 2463 734 2511 frontispicio
769 2464 899 2500 statim
934 2462 1135 2499 illucescit..
1170 2461 1230 2497 Ibi
1265 2461 1369 2497 euim
1402 2460 1689 2507 Ludimagister
1709 2458 1776 2493 ille

209 2529 480 2576 Lugdunensis
512 2528 647 2565 Simon
681 2529 757 2578 (qui
794 2529 840 2577 (p.
875 2526 907 2575 41
946 2527 1107 2564 subinde
1129 2524 1371 2573 indigitatur)
1396 2525 1586 2562 Authoris
1616 2523 1775 2560 nomine

211 2594 330 2636 venit,
356 2599 391 2630 01
411 2593 607 2641 complura
635 2599 725 2629 sunt
753 2593 842 2633 alia,
869 2604 953 2639 quse
974 2593 1065 2629 huic
1089 2593 1143 2628 rei
1178 2592 1311 2627 lumen
1332 2591 1582 2627 foenerantur.
1608 2589 1774 2625 Senten-

212 2657 274 2693 tiae
294 2658 385 2695 huic
405 2659 519 2694 robur
547 2663 583 2694 et
613 2658 901 2694 firmamentum
929 2658 970 2692 in
990 2657 1126 2704 primis
1148 2656 1294 2692 addunt
1316 2656 1476 2692 nomina
1493 2654 1648 2702 propria
1668 2652 1774 2688 viro-

212 2733 297 2758 rum
333 2729 369 2758 et
400 2723 586 2767 locorum,
622 2723 902 2759 Islandismum
934 2722 1098 2758 minime
1132 2721 1359 2764 redolentia,
1398 2731 1482 2767 quae
1512 2725 1642 2754 tamen
1678 2717 1773 2752 alias

212 2788 356 2823 lslandi
392 2789 603 2835 plurimum
637 2788 683 2824 ad
723 2789 896 2835 linguam
934 2798 1043 2823 suam
1083 2792 1212 2834 aptare
1246 2786 1383 2822 solent.
1421 2785 1573 2821 Nomen
1613 2781 1770 2830 quidem
