1881 3104
837 161 1100 201 -118—

185 285 303 321 nopos
327 279 407 310 erat
427 279 464 310 et
482 274 641 321 Reginae
666 273 824 309 Helenae
843 284 888 309 ex
912 273 992 308 lilia
1012 278 1138 309 natus.
1162 271 1224 308 Ab
1251 272 1500 309 incunabulis
1530 273 1744 309 coelestium

185 343 461 387 praeceptorum
484 338 700 385 disciplinis
718 337 932 373 innutritus
954 342 1023 381 est,
1048 342 1085 373 et
1116 337 1241 384 prima
1271 337 1486 384 juventutis
1507 338 1586 373 face
1612 348 1745 373 assue-

184 406 307 440 factus
329 404 509 440 omnibus
530 403 610 438 ludi
628 408 664 438 et
683 402 952 438 exercitiorum
974 403 1192 450 generibus,
1216 402 1316 438 inter
1343 414 1427 449 quae
1458 402 1612 438 educari
1643 403 1747 439 sole-

184 469 278 505 bant
295 469 519 515 Principum
537 467 608 502 filii
626 467 672 502 ad
694 472 840 503 ostrum
853 467 1196 514 sublimioremque
1218 467 1451 503 orchestram
1473 466 1608 513 geniti.
1624 467 1746 503 Juve-

183 535 244 570 nis
266 534 473 570 admodum
498 538 604 569 tanto
639 533 813 568 animum
847 532 978 568 ardore
1016 532 1201 575 incendit,
1227 537 1283 568 tot
1308 532 1470 579 agitavit
1495 532 1679 576 motibus,
1704 536 1747 568 ut

182 600 222 635 in
245 596 423 635 secundis
442 599 645 645 persistere
666 597 871 644 indignum
895 603 1011 640 ratus,
1032 608 1173 644 magno
1194 597 1293 640 visu,
1319 609 1389 633 nec
1410 597 1567 633 sinistro
1588 597 1746 633 irritove

179 669 335 708 conatu,
364 664 410 698 ad
431 663 574 710 primas
596 662 848 699 contenderit.

232 728 371 765 Annos
398 728 502 764 enim
536 727 756 775 quindecim
794 732 921 774 natus,
954 727 1119 763 Romam
1151 726 1276 773 petiit,
1310 726 1446 762 munia
1477 727 1741 774 Imperatoris,

178 794 361 831 avunculi
382 793 455 840 sui,
481 793 669 829 obiturus.
694 792 788 827 Erat
808 796 936 827 autem
958 791 1052 827 sesto
1075 792 1278 828 servatoris
1306 792 1428 828 nostri
1448 792 1627 828 natalitio
1652 803 1746 828 con-

175 860 323 896 vivium
346 860 503 895 solenne
524 858 763 900 institutum,
789 857 835 893 ad
855 857 955 904 quod
975 857 1188 904 Imperator
1204 869 1270 904 per
1297 858 1461 894 nuncios
1495 870 1583 893 eum
1616 869 1746 894 accer-

179 925 333 961 siverat.
358 925 457 960 Illuc
486 923 603 959 etiam
637 934 779 970 magna
809 922 944 959 cohors
969 923 1135 969 Regum,
1161 922 1359 958 Comitum
1388 928 1425 958 et
1461 923 1742 970 Dynastarum.

180 991 395 1038 ingensque
415 988 626 1024 multitudo
644 988 851 1023 hominum
873 989 1122 1023 confluxerat.

230 1055 363 1090 Prima
379 1054 439 1089 die
455 1054 653 1093 feriarum,
679 1052 797 1089 sacris
819 1052 890 1088 rite
912 1052 1090 1098 peractis,
1115 1052 1331 1100 Imperator
1351 1052 1606 1100 conchyliatis
1632 1052 1747 1089 vesti—

180 1121 252 1156 bus
278 1120 491 1161 decoratus,
517 1129 658 1154 corona
693 1129 761 1153 sua
790 1117 1006 1163 redimitus,
1031 1122 1068 1152 et
1101 1118 1213 1153 turba
1234 1117 1487 1154 invitatorum
1521 1118 1749 1165 Principum

180 1185 424 1231 aliorumque
442 1188 741 1231 purpuratorum
765 1183 942 1230 stipatus,
969 1182 1098 1218 aulam
1120 1183 1284 1226 introiit,
1310 1183 1356 1219 ad
1389 1183 1553 1230 quadras
1575 1182 1748 1229 exquisi-

182 1250 354 1286 tissimas
375 1249 537 1296 dapibus
559 1254 749 1292 oneratas,
775 1247 1026 1284 accumbendi
1048 1260 1150 1295 ergo.
1175 1249 1236 1284 Ibi
1268 1249 1377 1295 gulas
1403 1248 1610 1284 irritabant
1643 1247 1749 1283 invi-

182 1321 308 1351 tantes
330 1315 466 1362 epulae,
491 1314 532 1349 in
551 1314 696 1349 mensis
717 1313 892 1360 repositae
917 1325 924 1347 z
953 1312 1084 1349 omnia
1103 1325 1195 1349 vasa
1213 1325 1304 1350 auro
1326 1319 1560 1361 argentoque
1593 1312 1748 1360 fulgen-

180 1382 234 1417 tia
273 1381 427 1416 odorem
464 1380 616 1415 edidere
650 1379 917 1415 aromaticum.
957 1379 1104 1415 Delecti
1136 1379 1245 1426 pueri
1279 1379 1527 1426 epulantibus
1566 1382 1749 1414 coronata

179 1446 455 1491 ministrabant
468 1445 618 1492 pocula,
639 1456 723 1491 quae
738 1444 885 1479 Primet
908 1442 919 1468 l
937 1449 973 1479 et
999 1444 1124 1480 Claret
1139 1444 1290 1491 aliaque
1309 1444 1564 1491 fragrantium
1580 1448 1742 1491 potuum

178 1527 319 1563 genera
337 1515 561 1551 redolebant
581 1517 642 1557 (b),
668 1515 722 1550 ita
742 1519 784 1549 ut
812 1514 1155 1561 generosissimum
1186 1515 1321 1550 vinum
1354 1515 1510 1550 minimi
1541 1515 1655 1562 pretii
1677 1515 1744 1552 ha·

178 1587 343 1622 beretur.
368 1585 512 1621 Omnes
545 1585 704 1622 comiter
734 1590 843 1620 erant
872 1586 1031 1632 excepti,
1054 1585 1298 1621 lzetissimum
1326 1596 1518 1632 quemque
1547 1585 1745 1632 praebebat

181 1651 412 1698 exoptabilis
434 1655 660 1687 conventus.

234 1717 295 1752 Ibi
330 1716 575 1763 comparebat
611 1715 728 1751 etiam
765 1715 942 1758 Floreat,
979 1716 1151 1752 tunicam
1190 1727 1282 1751 auro
1319 1716 1508 1752 intextam
1545 1717 1741 1753 inductus.

180 1783 271 1818 Erat
293 1782 355 1817 hic
379 1786 611 1828 purpuratus
632 1793 707 1828 prae
732 1781 866 1817 ceteris
888 1781 1011 1834 foi-,ma
1038 1782 1207 1828 corporis
1228 1793 1250 1816 a
1268 1782 1408 1817 vertice
1429 1793 1549 1828 usque
1572 1781 1618 1816 ad
1638 1781 1749 1828 plan-

183 1851 241 1882 tas
261 1847 493 1893 spectabilis.
515 1846 647 1882 Oculis
664 1846 768 1881 enim
791 1852 939 1889 acutus,
964 1847 1135 1882 humeris
1158 1846 1271 1889 latus,
1298 1846 1483 1882 lacertoso
1503 1846 1572 1881 sub
1595 1846 1751 1882 brachio

185 1912 337 1947 modice
374 1911 525 1953 obesus,
565 1911 806 1946 verissimam
839 1911 1073 1946 wnustioris
1101 1911 1266 1958 effigiem
1305 1910 1539 1957 possidebat.
1576 1911 1704 1947 Verbo
1740 1924 1747 1947 :

185 1976 284 2022 quod
303 1976 349 2011 ad
372 1976 691 2012 formosissimam
711 1976 907 2023 conspicui
928 1977 1057 2011 &ultus
1079 1976 1244 2022 speciem
1264 1976 1453 2023 pertinere
1479 1976 1693 2019 contendis,
1719 1975 1750 2011 si

184 2041 221 2075 id
242 2042 283 2076 in
306 2041 385 2077 ullo
408 2053 595 2088 unquam,
621 2042 720 2078 certe
740 2041 781 2076 in
800 2041 873 2078 hoc
887 2047 1096 2088 purpurato
1119 2041 1204 2077 fuit.

221 2181 248 2207 Ι.
276 2181 350 2215 Lege
366 2180 486 2215 piment.

186 2263 314 2302 solent,
342 2263 425 2304 quia
455 2262 625 2304 Magister
650 2262 772 2295 Simon
793 2263 929 2295 invenit
956 2272 1033 2295 eam
1058 2265 1094 2295 in
1123 2264 1212 2295 urbe
1242 2263 1401 2296 Franciae
1428 2264 1514 2295 Lion
1549 2262 1752 2305 (Lugduno)

186 2315 299 2358 {addit
316 2315 361 2346 F:
381 2316 441 2347 ubi
462 2316 614 2348 scholaae
630 2317 784 2358 praefuit]
808 2326 957 2358 eamque
978 2317 1014 2348 in
1044 2318 1203 2359 linguam
1218 2317 1426 2349 Francicam
1446 2317 1535 2358 stylo
1561 2316 1753 2348 admodum

188 2370 341 2412 eleganti
366 2369 569 2401 transfudit.
588 2369 746 2401 Historia
769 2370 846 2402 haec
868 2370 940 2411 agit
957 2370 999 2403 de
1019 2371 1134 2412 primo
1158 2370 1480 2412 FrancorumRege
1501 2369 1542 2412 [F
1562 2381 1568 2400 :
1590 2370 1753 2411 Impera-

190 2425 278 2464 tore,
294 2423 353 2465 qui
367 2432 491 2455 verum
508 2422 635 2462 Deum,
650 2426 730 2459 etc.,
748 2433 853 2465 quem
870 2424 1049 2465 Sylvester
1062 2423 1172 2465 Papa,
1189 2427 1269 2462 etc]
1283 2424 1341 2465 qui
1359 2433 1481 2455 verum
1501 2424 1613 2455 Deum
1631 2423 1753 2460 coluit,

189 2477 338 2517 ejusque
367 2476 507 2518 legibus
547 2477 816 2517 obtemperavit.
853 2477 920 2509 Hic
945 2477 1169 2509 Constantini
1202 2477 1338 2516 (annosi
1373 2477 1470 2509 illius
1502 2476 1747 2518 Imperatoris,

190 2538 296 2569 quem
327 2529 508 2571 Sylvester
533 2529 631 2571 Papa
650 2530 762 2561 sacris
785 2530 1066 2563 Christianorum
1088 2531 1226 2569 imbuit)
1247 2540 1290 2563 ex
1312 2540 1431 2563 sorore
1458 2539 1583 2572 nepos,
1607 2529 1752 2562 nomine

189 2585 338 2617 Florent
359 2585 437 2622 fuit,
458 2586 636 2625 natusque
666 2583 702 2615 in
731 2583 832 2623 urbe,
858 2594 937 2625 quae
960 2585 1106 2616 Thibari
1127 2584 1167 2626 [B
1191 2595 1197 2614 :
1224 2584 1383 2625 Tybery;
1408 2584 1434 2615 F
1456 2595 1461 2615 :
1493 2584 1597 2616 Aube
1616 2583 1752 2623 (forsan

189 2636 391 2678 Aubancass
411 2636 552 2669 dicitur.
575 2635 663 2667 Cum
683 2638 803 2668 autem
826 2646 871 2667 xv
893 2641 987 2669 essct
1011 2646 1187 2668 annorum
1207 2637 1330 2668 munia
1347 2637 1495 2668 Caesaris
1517 2637 1615 2669 obire
1633 2635 1752 2677 coepit.

190 2694 256 2723 etc.

232 2743 282 2784 (b)
320 2744 348 2774 A
378 2744 406 2773 B
436 2743 604 2776 addunt:
626 2745 662 2776 et
689 2746 806 2785 potus,
838 2744 897 2785 qui
928 2744 1058 2776 dicitur
1091 2744 1202 2785 Vepe,
1241 2742 1374 2785 [forsan
1412 2744 1504 2776 idem
1528 2743 1587 2784 qui
1615 2741 1777 2781 Latinis⁴

192 2794 347 2838 Vappad
