1881 3104
842 110 1078 151 „32-

182 221 430 273 saepissime
456 233 612 260 versus
642 221 794 260 unicos
829 233 925 260 cum
963 221 1119 260 ceteris
1154 233 1240 259 non
1277 233 1539 268 consonare3
1576 219 1726 268 affero,

183 286 367 338 exempli
388 286 542 337 gratia,
568 290 646 325 str.
670 289 721 324 44
739 298 833 336 qua·
858 299 933 337 per
953 292 1023 324 ant
1043 289 1253 325 consonat
1277 299 1284 324 :

267 419 363 457 1295
397 433 417 452 «
448 418 514 453 Fiz
536 418 557 453 a
577 419 744 465 putains,
764 419 928 465 glomus,
950 419 1169 461 lechierres,
1190 418 1439 462 malcuidanz,

392 485 468 520 Por
488 484 640 519 l‘amors
662 484 707 519 de
727 484 823 519 celui
845 484 997 531 perdras
1020 490 1057 520 tu
1075 484 1113 530 ja
1133 485 1167 519 le
1187 485 1296 528 chief.
1326 499 1339 515 ν)

391 549 424 584 Il
448 560 469 584 a
490 548 599 584 traite
618 548 750 584 Joiose
770 549 815 584 de
835 560 905 584 son
926 557 1096 584 senestre
1116 549 1241 590 ssanc;

393 614 447 650 Le
467 614 577 660 paien
601 625 648 649 en
668 613 754 649 ferit
777 626 816 649 .1.
841 620 952 660 grant
971 625 1039 660 cop
1061 615 1303 649 maintenant

393 678 475 722 Que
497 684 552 714 tot
568 678 615 713 l'a
633 678 819 724 porsendu
843 678 987 725 dusque
1008 678 1041 712 al
1062 688 1138 713 neu
1158 677 1207 712 du
1229 679 1367 722 brazer,

263 746 362 782 ι1300
394 744 487 780 Puis
507 754 615 789 regar
630 747 662 779 le
683 754 746 778 sor
765 743 904 786 destre,
929 745 984 778 vit
1007 755 1045 780 .1.
1067 743 1256 778 desruban
1275 745 1356 787 fier,

392 809 478 845 Une
501 814 604 844 erote
624 819 687 843 sor
708 814 818 852 terre,
843 819 915 855 que
935 808 1048 844 firent
1067 810 1243 851 αυενεὶθν,

391 874 469 909 Boz
488 873 496 907 i
520 884 541 908 a
562 882 599 909 et
619 873 803 920 calovres,
827 878 970 908 tortues
989 878 1027 908 et
1051 884 1222 919 serpanz,
1247 878 1319 914 ete,

233 1003 316 1041 Eas
348 1014 447 1041 esse
468 1004 674 1055 sa‘pz'sse'me
702 1003 868 1055 (semper
896 1015 982 1041 non
1003 1001 1327 1053 affirmaverim}
1351 1001 1596 1052 priscarum
1619 1005 1734 1041 stro-

179 1068 365 1119 pharum
405 1068 614 1118 reliquias
649 1069 837 1106 libenter
872 1068 1146 1115 crediderim,
1185 1079 1293 1117 quas
1324 1066 1609 1117 interpolator
1640 1067 1734 1106 suis

179 1133 477 1173 consonantiis
499 1133 703 1184 adaptare
725 1146 810 1172 non
832 1133 1029 1172 calluerit
1050 1134 1078 1170 1.

232 1197 456 1237 Poematis
488 1199 649 1249 stylum
684 1211 798 1237 nunc
827 1198 1066 1244 concisum,
1099 1198 1298 1243 nitidum,
1323 1198 1580 1248 elegantem,
1617 1199 1660 1236 et
1689 1197 1733 1236 vi

178 1264 413 1315 pollentem
433 1294 440 1310 ‚
483 1276 597 1302 nunc
645 1263 855 1302 diffusum
896 1263 1199 1314 prolixumque
1246 1266 1331 1301 tam
1366 1263 1477 1300 male
1511 1262 1595 1301 sibi
1633 1274 1733 1301 con-

179 1332 295 1367 stare
322 1341 408 1367 non
427 1330 519 1378 Jam
549 1328 811 1374 mirandum,
837 1340 971 1378 quum
993 1327 1262 1378 primitivum
1285 1339 1396 1378 opus
1419 1327 1471 1365 ab
1496 1326 1735 1377 interpola-

178 1398 270 1432 tore
293 1393 456 1432 misero
478 1393 607 1432 modo
627 1394 918 1432 deformatum
941 1392 1074 1431 fuerit
1097 1405 1105 1430 :
1129 1393 1196 1431 vis
1219 1392 1411 1431 auctoris
1445 1395 1531 1434 est:
1558 1391 1734 1442 garrula

178 1457 396 1505 debilitas,
421 1457 762 1509 interpolatoris.

231 1519 341 1558 Hinc
363 1519 493 1558 etiam
516 1521 631 1570 quod
653 1521 852 1571 quaedam
873 1521 916 1559 in
942 1521 1090 1560 fabula
1109 1520 1222 1558 inter
1244 1532 1289 1558 se
1311 1519 1381 1558 vix
1403 1521 1637 1560 cohaerent..

230 1585 470 1624 Castellum
490 1586 829 1625 Sarracenorum
852 1587 968 1637 quod
991 1585 1195 1625 obsident
1217 1585 1370 1624 Franci
1391 1586 1553 1637 ubique
1575 1598 1733 1625 nomen

177 1651 308 1689 habet
326 1650 473 1689 elzastel
486 1652 517 1689 Α
528 1657 670 1690 cenant
686 1652 740 1703 (v.
758 1654 835 1689 477
857 1653 932 1689 527
949 1653 1025 1689 536
1047 1652 1124 1689 546
1143 1652 1235 1701 837111
1254 1663 1261 1698 ;
1288 1651 1331 1689 in
1346 1651 1474 1690 unico
1489 1662 1621 1689 'versu
1637 1651 1728 1696 593,

175 1715 324 1754 nescio
345 1727 429 1766 quo
451 1716 595 1757 modo,
619 1715 666 1755 fit
685 1716 832 1755 elzascel
847 1715 1040 1767 Oryoedus
1061 1728 1076 1753 .·
1099 1731 1118 1750 «
1137 1715 1257 1763 Qucx
1276 1716 1452 1754 noveles
1468 1726 1631 1753 ourons
1647 1714 1733 1753 dou

177 1780 316 1819 chatel
339 1780 584 1831 Oryoulous?
609 1798 627 1816 »
659 1781 772 1828 Quid
795 1780 879 1819 sibi
897 1781 990 1819 vult
1010 1779 1102 1818 haec
1121 1780 1234 1818 vox?
1258 1779 1371 1818 Nota
1390 1792 1568 1819 versum
1597 1779 1732 1818 istum

175 1845 218 1883 in
252 1845 433 1896 stropha
461 1859 517 1884 xx
550 1846 718 1885 versari
747 1858 841 1896 quae
869 1846 979 1884 duos
1001 1857 1159 1884 versus
1183 1846 1289 1895 ‹j585,
1314 1844 1519 1896 58621j3m
1541 1844 1734 1884 continet

175 1922 361 1961 quorum
384 1910 668 1949 consonantia
688 1922 821 1961 prava
843 1913 923 1948 est.

226 1975 278 2014 V.
306 1978 408 2013 1427
428 1988 436 2014 ;
460 1975 587 2014 Unus
610 1987 631 2013 e
653 1975 883 2014 duodecim
905 1974 1156 2013 Floovantis
1179 1974 1313 2013 sociis
1338 1973 1532 2025 Aizyelz'er
1558 1972 1605 2011 cle
1630 1973 1732 2011 Bor-

174 2040 256 2079 (lele
277 2040 324 2080 fit
343 2053 475 2080 versu
497 2042 599 2079 2097
620 2040 811 2092 Angselc'er
832 2039 878 2078 (le
898 2040 1023 2078 Leon.

227 2105 425 2153 CIoovis,
458 2105 625 2157 passim
657 2118 731 2144 rex
759 2105 952 2144 Franciee
981 2105 1148 2151 dictus,
1181 2117 1255 2143 rex
1282 2103 1485 2142 ‚llonloiz'm
1519 2103 1562 2142 in
1594 2115 1729 2142 versu

174 2173 276 2209 *1442
298 2171 458 2210 dicitur
481 2184 488 2209 :
516 2188 535 2205 «
556 2172 608 2210 Jo
633 2171 701 2210 sui
721 2171 773 2209 flz
797 2171 972 2210 Cloovis
991 2172 1029 2209 le
1053 2171 1118 2209 roi
1142 2171 1193 2209 de
1217 2170 1435 2214 ‚llonloiitm
1461 2186 1480 2205 »

224 2235 431 2275 Auctoris
464 2236 757 2275 narrationem
790 2236 850 2275 ita
882 2237 933 2275 ab
965 2236 1276 2287 interpolatore
1308 2237 1519 2274 mutatam
1548 2246 1646 2273 esse
1682 2236 1731 2272 ut

166 2303 260 2352 Jam
278 2314 364 2340 non
385 2300 564 2352 agnosci
591 2301 747 2351 possit,
784 2314 869 2340 non
903 2301 1105 2352 equidem
1141 2300 1292 2347 credo;
1333 2299 1435 2350 quia
1468 2298 1727 2337 duodecimo

173 2365 332 2404 Saeculo
363 2377 449 2403 non
471 2367 562 2415 Jam
583 2364 644 2403 ita
664 2365 906 2404 adulterata
933 2368 1055 2403 erant
1084 2368 1286 2415 poemata
1314 2367 1360 2402 ut
1386 2367 1590 2414 tanquam
1618 2375 1731 2401 nova

172 2429 573 2481 redintegrarentur
596 2441 604 2467 :
627 2442 702 2468 xm
725 2434 766 2468 et
789 2443 860 2469 xiv
881 2430 1008 2469 modo
1038 2430 1198 2468 saeculo
1226 2428 1289 2467 sic
1310 2431 1602 2467 retractantur
1622 2439 1731 2478 poe-

172 2497 288 2533 mata
309 2500 355 2533 ut
375 2498 417 2534 et
434 2494 626 2534 auctoris
649 2495 789 2546 stylus
812 2499 853 2534 et
881 2495 988 2546 ipsae
1021 2494 1176 2546 priscas
1214 2493 1372 2532 fabulae
1403 2505 1546 2549 prope
1569 2503 1730 2531 evane-

217 2652 245 2683 1.
268 2652 353 2684 Haec
384 2657 435 2685 est
468 2654 627 2686 omniurn
659 2653 751 2686 male
780 2654 1057 2686 consonantium
1086 2662 1152 2685 nec
1176 2655 1423 2685 correctorum
1451 2652 1498 2692 (p.
1522 2651 1558 2682 19
1579 2651 1613 2682 et
1634 2649 1727 2691 sqq.)

171 2713 339 2736 versuum
361 2706 528 2751 indicatio
560 2719 566 2738 :
603 2708 658 2739 145
686 2708 746 2739 585
769 2707 829 2740 685
851 2708 910 2739 830
931 2707 1054 2748 (respit
1075 2706 1128 2738 lor
1149 2706 1279 2738 otroiez
1292 2707 1313 2744 2²)
1343 2704 1404 2737 986
1430 2703 1507 2736 1004
1535 2702 1613 2735 1030
1649 2701 1728 2734 1142

173 2759 293 2791 1160--2
310 2760 403 2800 (1252
429 2759 532 2794 (ἔνευε
552 2762 689 2804 corrige
710 2762 747 2793 in
771 2760 891 2803 Grice;
913 2761 957 2793 cs.
983 2761 1074 2802 1217)
1098 2761 1175 2792 1309
1203 2760 1278 2792 1745
1307 2759 1383 2791 1894
1404 2757 1486 2790 2299
1505 2755 1600 2788 2479.
