1881 3104
789 75 1017 116 -91--

127 181 300 221 brinum
330 195 479 234 regem
518 184 707 225 Franeiae
742 185 913 224 Clodove‘
941 188 983 224 et
1016 185 1068 223 ad
1111 186 1206 234 ers
1237 183 1374 222 filium
1399 182 1587 222 Floovent
1610 181 1672 218 le-

128 250 277 298 gatum
296 247 428 287 mittit
445 252 493 288 ut
516 250 569 288 ad
596 251 900 302 depellendum
921 253 1229 301 usurpatorem
1263 251 1305 287 et
1330 247 1675 298 recuperandum

127 311 317 362 patrium
338 325 520 365 regnum
541 315 687 366 ipsum
708 316 915 366 adevent
935 315 965 353 1.

181 375 376 424 Quatuor
396 378 470 418 isti
492 383 633 419 textus
655 393 812 420 nomen
830 380 995 421 Flovent
1015 382 1089 419 aut
1108 379 1296 419 Floocent
1315 378 1443 417 modo
1465 378 1672 425 referunt,

128 442 180 480 de
214 447 469 493 argumento
504 448 647 484 autem
682 449 844 494 taeent3
870 458 956 484 non
989 445 1048 483 ita
1083 447 1317 494 sequentes
1342 455 1350 482 :
1375 444 1535 482 saeoulo
1569 449 1673 491 xw0,

126 506 340 560 Philippus
358 509 567 557 Moslcetus,
592 512 665 562 qui
685 512 931 551 fabulosam
958 511 1151 550 Franciae
1181 509 1411 549 historiam
1437 510 1677 550 secundum

131 572 252 623 epica
272 578 473 625 poemata
493 577 684 628 scripsit,
709 577 760 616 de
783 576 1001 616 Cloovisio
1026 576 1116 615 haec
1138 577 1271 614 refert
1289 576 1326 613 ⁶2:

289 698 362 734 478
392 710 468 734 xxx
487 711 555 735 ans
572 701 754 736 maintint
770 711 812 735 sa
832 701 923 736 tiere
938 700 1025 736 bien
1041 712 1052 746 ,·

391 762 511 800 Asses
531 767 720 812 conquist‚
744 765 798 800 n'i
819 766 940 811 perdit
959 767 1064 808 rien;

286 828 360 864 480
394 839 420 864 1.
448 829 488 864 fit
509 836 546 865 ot
570 834 616 865 eu
635 829 680 865 de
701 830 904 873 Meulsent,

392 892 432 928 Si
452 894 685 941 l'apelierent
704 898 876 933 Floevent
892 908 901 940 ,-

388 958 430 994 Si
449 958 489 994 fu
509 962 706 1006 compains
725 961 746 996 a
762 961 869 996 Saz'nt
889 963 1008 997 Ricier

389 1024 447 1060 De
467 1025 608 1061 Pontiu
627 1024 656 1069 3,
678 1030 715 1061 et
734 1027 763 1061 si
785 1026 852 1062 l'ot
873 1027 995 1062 moult
1014 1028 1104 1072 cier,

387 1089 437 1124 Et
457 1090 487 1124 si
508 1090 622 1126 fisent
642 1091 803 1126 maintes
824 1091 896 1127 fois
918 1092 1040 1138 gierre

288 1153 362 1191 480
392 1153 450 1190 As
470 1154 665 1192 Sarrasins
684 1160 722 1192 et
740 1156 761 1192 a
778 1157 836 1192 lor
856 1157 966 1194 tiere.

389 1220 452 1256 Cis
469 1218 683 1258 Flooevens
704 1222 761 1257 fut
779 1222 902 1257 moult
920 1222 1078 1267 vallans,

391 1285 521 1332 Sages,
542 1287 659 1322 vistes
679 1294 716 1323 et
737 1298 989 1335 conquerans,

390 1349 440 1385 Et
459 1350 505 1385 de
525 1351 687 1397 largaice
706 1351 746 1386 fu
767 1352 889 1387 moult
909 1352 1026 1388 clers:

390 1414 430 1450 Si
449 1426 560 1452 moru
575 1416 732 1463 juvenes
754 1416 938 1454 hacelers.

178 1546 238 1584 Ex
259 1545 337 1584 hac
359 1544 604 1584 narratione
628 1549 796 1584 constat
821 1558 828 1583 :
854 1547 895 1583 1⁰
917 1546 1032 1596 quod
1051 1545 1102 1584 ad
1125 1545 1378 1584 Flooventis
1401 1544 1583 1591 socium,
1607 1545 1677 1584 Ri-

125 1610 321 1649 eharium
354 1610 614 1648 monachum
646 1610 841 1649 evasisse
873 1614 915 1648 et
946 1610 1108 1649 sanctis
1143 1610 1475 1648 adnumeratum
1509 1610 1673 1657 fuisse3

125 1676 239 1726 quod
263 1688 359 1714 oum
381 1678 496 1713 textu
521 1675 764 1714 hollandico
787 1675 895 1714 satis
927 1675 1127 1725 congruit
1160 1676 1232 1725 qui
1266 1675 1534 1722 Richarium‚
1565 1679 1677 1715 stra-

127 1740 195 1791 gis
229 1741 394 1780 bellicae
427 1744 684 1791 pertaesum,
720 1741 764 1778 in
799 1741 972 1779 abbatia
1006 1741 1205 1779 monachi
1231 1740 1364 1779 vitam
1392 1741 1568 1791 degisse
1605 1741 1680 1779 de—

123 1806 257 1844 clarat
276 1806 306 1844 4.
324 1806 409 1845 Sed
432 1808 547 1844 errat
567 1805 799 1845 Mosketus
821 1810 893 1844 aut
917 1817 1045 1856 quem
1069 1805 1268 1856 sequitur
1289 1808 1453 1852 auctor,
1477 1806 1578 1844 dum
1602 1805 1678 1844 Ri-

125 1871 320 1910 oharium
365 1871 567 1910 eumdem
604 1883 702 1909 esse
742 1874 866 1921 putat
906 1883 1034 1921 quem
1074 1875 1271 1910 sanetum
1310 1870 1563 1910 Richarium
1601 1871 1672 1921 qui

121 1936 403 1976 christ-ianam
423 1935 552 1974 fldem
572 1935 616 1973 in
638 1934 881 1974 Picardiam
903 1935 1058 1983 attulit,
1082 1935 1339 1986 Pontivique
1364 1935 1465 1986 pagi
1497 1938 1672 1985 aposto-

121 2003 190 2041 lus
213 2001 354 2040 dictus
378 2004 445 2039 est
464 2001 493 2038 5.

174 2068 218 2104 20
238 2065 363 2114 Quod
390 2065 443 2104 ad
467 2065 762 2114 Flooventem,
786 2079 807 2104 e
829 2066 1043 2105 Melsente
1066 2070 1202 2105 matre
1229 2067 1469 2106 seeundum
1496 2066 1675 2105 Moske-

122 2137 228 2178 tum,
245 2134 374 2170 natus
397 2134 485 2178 θεῖς
510 2132 749 2170 seeundum
766 2135 910 2170 autem
928 2131 1220 2171 hollandicum
1238 2135 1416 2180 textum,
1436 2145 1457 2171 e
1478 2131 1671 2171 Claudia.

123 2198 273 2238 Refert
293 2196 526 2235 Mosketus
547 2195 827 2235 Flooventem
843 2199 1050 2247 Jux'enem
1070 2201 1291 2236 mortuum
1314 2210 1412 2237 esse
1437 2209 1445 2235 :
1471 2200 1673 2243 attamen,

124 2262 257 2301 filiam
278 2261 456 2311 reliquit
476 2261 527 2299 de
550 2273 634 2311 qua
651 2262 795 2300 fusius
818 2262 1091 2313 scripserunt
1110 2268 1341 2301 trovatores.

175 2327 343 2367 Saeeulo
367 2336 478 2373 xmo,
499 2326 730 2366 Alberious
755 2327 994 2365 monachus
1018 2327 1200 2366 abbatiae
1222 2327 1372 2366 Trium
1394 2327 1609 2375 Fontium,
1632 2326 1675 2366 in

165 2504 191 2535 1.
213 2502 320 2544 Apud
343 2502 530 2539 Boehmer,
552 2502 783 2536 Romanische
801 2503 966 2542 Studien,
990 2503 1018 2541 Ι,
1041 2503 1122 2536 399-
1125 2504 1197 2536 406.

160 2557 193 2588 2
217 2556 436 2598 Glzyoniques
457 2555 498 2588 cle
518 2555 864 2599 ΡΙιίίιῬρεΜοῑιε]ῑ,εί
885 2557 939 2590 ed.
966 2558 1009 2589 de
1028 2558 1266 2599 Reiffenbe1g‚
1288 2558 1314 2594 I,
1337 2558 1388 2590 20.

162 2611 193 2642 3.
217 2610 333 2642 Edit-io
355 2609 509 2649 Pontice,
527 2620 725 2652 perpelam.

162 2664 192 2696 4.
217 2663 310 2696 Vide
330 2672 449 2705 supra,
473 2673 509 2705 p.
529 2665 580 2697 43.

162 2718 193 2749 5.
217 2717 268 2750 Cf.
290 2716 382 2750 Paul
402 2717 532 2759 Meyer,
557 2717 866 2761 correspondance
887 2719 1076 2760 litteiraire,
1100 2719 1187 2751 ibid.
