1881 3104
775 126 832 131 —
869 103 947 143 125
980 128 1037 132 ——

130 226 276 263 passus,
309 219 414 249 tanta
440 213 519 260 jam
548 215 725 260 angustia
751 214 948 259 premitur,
984 219 1026 249 ut
1060 214 1182 250 hostis
1219 225 1352 250 omnes
1384 217 1562 262 regiones
1599 219 1681 264 ejus

125 281 222 326 juris
269 280 328 314 sui
367 278 513 322 fecerit,
552 284 688 325 praeter
737 279 858 313 solam
904 278 1096 314 Lutetiam
1139 279 1388 322 Parisiorum,
1428 293 1541 328 quam
1579 294 1682 319 nunc

130 344 282 381 insidet.
313 344 411 379 Tum
438 343 599 379 Flovent
627 353 635 378 :
674 341 734 378 O!
765 344 913 378 utinam
948 343 999 378 ibi
1027 344 1105 390 jam
1123 349 1269 381 essem!
1311 346 1441 391 Pergit
1478 346 1679 385 Eremita:

128 409 256 444 Etiam
286 414 322 444 te
352 419 501 455 quoque
526 410 621 443 scire
652 408 781 451 relim,
816 408 916 454 quod
945 409 1072 444 omnis
1106 410 1268 455 populus
1297 410 1436 446 abhinc
1462 412 1681 457 aquilonem

128 484 260 509 versus
281 473 444 509 ethnicae
464 473 728 520 superstitioni
760 483 991 519 magnopere
1023 474 1072 508 sit
1091 473 1255 517 deditus,
1280 476 1344 521 qui
1375 480 1410 510 te
1440 486 1521 510 esse
1547 475 1682 511 Chris-

130 538 243 573 tianae
286 539 481 584 religionis
515 538 547 573 si
578 537 803 584 percipiant,
853 548 1008 573 usuram
1055 538 1150 574 lucis
1191 539 1259 574 tibi
1303 540 1483 586 erIpiunt.
1534 540 1682 576 Suadeo

129 603 258 648 igitur,
293 610 335 638 ut
366 603 453 638 fana
490 613 621 638 eorum
652 601 803 648 quidem
837 603 968 645 intres,
1013 609 1050 637 et
1079 613 1205 638 coram
1238 603 1349 639 idolis
1381 615 1503 650 genua
1536 606 1679 649 flectas,

128 673 394 703 verumtamen
433 673 469 702 te
498 666 568 702 soli
607 677 697 701 vero
732 665 814 702 Deo
843 666 1012 701 deditum
1047 678 1130 702 esse
1160 667 1270 703 corde
1289 679 1460 704 censeas.
1490 669 1570 715 Ego
1595 681 1682 705 vero

129 732 232 767 illazn
271 732 421 778 culpam
454 731 492 766 in
516 742 576 766 me
611 731 830 776 suscipiam,
864 731 1046 778 vobisque
1080 732 1423 768 clementissimum
1459 735 1543 769 coeli
1575 735 1681 770 favo-

128 808 207 832 rem
229 807 295 843 pro
316 801 417 832 certo
437 795 656 841 pollicebor.

180 860 243 896 Ad
271 860 353 896 haec
383 871 573 895 {erumnas
600 864 637 894 et
662 859 803 894 multas
834 860 1076 896 difficultates
1098 861 1144 896 ab
1165 861 1340 897 Ethnicis
1360 867 1396 896 te
1416 863 1495 909 pati
1517 868 1678 909 oportet,

128 937 212 972 quae
233 932 343 961 erunt
364 925 403 959 in
424 936 577 971 poenam
606 924 807 961 homicidii
829 924 981 971 patrati,
1006 925 1110 960 festis
1131 924 1340 962 Altissimi.
1366 927 1555 963 Prteterea
1576 927 1681 963 Deus

127 989 225 1025 mihi
246 989 443 1031 revelavit,
468 995 504 1024 te
525 989 643 1025 totius
669 989 841 1024 Francia>
868 989 1030 1035 imperio
1060 990 1286 1035 potiturum,
1312 992 1343 1026 si
1366 999 1547 1038 perpetua
1567 993 1680 1029 modo

126 1054 342 1090 ecelestium
373 1059 650 1100 praeceptorum
683 1053 755 1088 tibi
786 1053 972 1088 manserit
1005 1054 1196 1095 custotlia;
1228 1060 1293 1090 tuo
1327 1067 1477 1103 quoque
1510 1058 1680 1104 auspicio

127 1120 242 1155 multi
265 1131 286 1154 a
307 1119 437 1166 spuria
457 1125 493 1154 et
514 1124 717 1165 personata
747 1119 793 1154 ad
822 1130 951 1154 veram
983 1124 1017 1153 et
1043 1131 1265 1166 germanam
1294 1121 1521 1167 religionem
1554 1128 1680 1158 trans-

127 1185 288 1226 cursuri,
322 1184 363 1219 in
393 1184 623 1230 penitiorem
659 1184 731 1219 Dei
764 1184 1068 1219 familiaritatem
1100 1185 1368 1230 penetrabunt.
1406 1186 1526 1233 Perge
1553 1188 1681 1234 itaque

127 1249 252 1285 eundo
273 1249 313 1284 in
334 1249 490 1285 nomine
512 1249 686 1285 Domini.

179 1314 278 1348 Tum
296 1313 459 1348 Flox'ent
480 1324 488 1348 :
509 1313 567 1348 Sit
587 1313 670 1348 laus
692 1319 727 1349 et
749 1313 871 1360 gloria
889 1313 982 1348 Jesu
1004 1313 1175 1350 Christo!
1201 1314 1412 1361 Stipatores
1434 1327 1522 1351 suos
1546 1323 1590 1365 lp.
1622 1315 1676 1364 18)

127 1377 263 1412 deinde
284 1377 449 1419 meavit,
473 1377 539 1424 qui
560 1383 602 1412 ut
621 1388 772 1420 venere,
798 1382 951 1423 accepta
971 1377 1070 1412 dona
1090 1377 1259 1413 Domino
1286 1390 1354 1414 suo
1380 1380 1575 1425 gratulati,
1600 1381 1680 1416 Deo

125 1442 269 1488 gratias
289 1453 356 1487 pro
377 1441 456 1477 illis
477 1441 651 1477 laetantes
677 1442 854 1488 agebant.

177 1507 339 1542 Florent
359 1507 440 1553 jam
469 1517 586 1553 equos
608 1506 798 1542 instruere
827 1507 978 1553 jubens,
1003 1507 1131 1554 gladio
1161 1520 1229 1543 suo
1263 1508 1396 1545 ‹on-iso
1430 1520 1468 1543 se
1498 1510 1675 1545 accinxit.

123 1570 205 1614 Quo
240 1571 353 1611 facto,
391 1571 564 1606 Eremita
597 1571 791 1617 staperlem
835 1571 1075 1606 ascendentis
1110 1578 1226 1614 tenet,
1268 1580 1317 1613 et,
1354 1573 1515 1608 habenis
1550 1580 1681 1619 postea

123 1646 240 1670 manu
266 1634 434 1677 admota,
458 1647 642 1681 versoque
668 1635 872 1670 Franciam
894 1647 1025 1670 versus
1047 1647 1156 1682 equo,
1182 1637 1308 1672 Deum
1338 1638 1440 1674 hunc
1461 1639 1501 1674 in
1521 1639 1677 1675 modum

122 1699 317 1734 invoeax‘it
345 1711 351 1733 :
376 1700 534 1735 Summe
556 1699 675 1742 Deus,
702 1699 875 1734 omnium
898 1699 1112 1735 viventium
1132 1701 1259 1739 Pater.
1285 1703 1376 1749 juva
1407 1709 1443 1738 et
1477 1703 1678 1739 corrobora

120 1763 224 1799 hunc
243 1763 384 1805 x‘irum,
410 1770 451 1799 ut
475 1763 712 1799 adversarios
734 1768 899 1811 superet,
924 1764 1103 1811 profanos
1130 1766 1316 1802 Ethnicos
1337 1766 1514 1809 debellet,
1540 1768 1679 1802 trium-

122 1829 257 1875 phatos
278 1840 366 1864 vera
387 1828 573 1874 religione
593 1828 772 1863 instruat.

801 2204 888 2245 CAn.
928 2210 997 2245 IV.

122 2319 266 2354 flavent
289 2321 328 2353 in
346 2317 542 2352 Franciam
562 2317 708 2352 hortatu
727 2318 897 2352 Eremitae
912 2328 1078 2362 pergens,
1102 2318 1143 2351 <in
1164 2318 1295 2351 itinere
1317 2318 1504 2351 castellum
1520 2317 1676 2360 insignis

174 2389 368 2434 cujusdam
395 2389 578 2431 Latronis,
602 2390 752 2423 nomine
783 2388 933 2432 fabr-in,
964 2389 1095 2429 intrat,
1118 2388 1326 2422 custodibus
1352 2388 1418 2422 υἱέε
1445 2389 1485 2421 in
1510 2390 1674 2422 anteces-

174 2471 257 2494 sum
277 2460 414 2494 occisis.
439 2459 591 2494 Demum
618 2460 721 2503 siquo
748 2460 868 2493 crucis
886 2459 1072 2503 proditur,
1096 2461 1127 2492 et
1155 2459 1196 2492 ‘in
1221 2458 1420 2492 diversorio
1452 2459 1527 2501 sero
1549 2459 1674 2502 oppri-

173 2532 305 2566 mitur.
346 2529 506 2564 Tandem
542 2532 678 2574 tamen,
718 2530 843 2564 multis
881 2529 1038 2564 hostium
1070 2529 1285 2572 interfectis,
1308 2529 1429 2563 salvus
1461 2538 1504 2562 εει·
1534 2529 1675 2563 castello

174 2603 304 2636 evasit.

173 2722 366 2760 potestate
388 2722 553 2759 abeundi
574 2723 620 2759 ab
641 2723 811 2759 Eremita
822 2734 1012 2764 concessa,
1038 2721 1194 2757 Florem
1221 2732 1307 2757 cum
1326 2720 1573 2768 stipatoribus
1595 2722 1675 2757 suis
