1881 3104
849 146 906 151 ——
944 121 1025 163 1106
1061 147 1117 151 —

203 232 298 280 eJus
321 243 345 268 a
374 234 490 270 retro
519 234 639 271 stans
671 233 848 283 collegit
869 246 978 272 eam.
1001 233 1059 272 At
1092 233 1161 272 ille
1185 245 1345 273 caesum
1379 247 1559 273 cernens
1595 235 1757 274 exerci-

203 300 309 342 tum,
335 295 441 334 dixit
463 297 515 335 ad
548 297 692 348 ipsum
715 299 923 348 juvenem
947 311 955 337 :
984 315 1002 334 «
1026 299 1165 350 Perge
1194 299 1401 338 velociter
1427 300 1614 340 festinus
1644 301 1760 340 defe-

205 379 222 396 α
256 374 357 400 rens
377 361 520 401 crines
542 362 695 413 capitis
712 363 811 410 mei,
836 364 988 402 nuntia
1002 364 1112 415 patri
1131 377 1226 403 meo
1244 364 1450 415 quatinus
1465 365 1644 404 veniens
1658 378 1758 405 suc-

204 446 221 463 «
254 430 400 466 currat
420 428 562 475 nobis,
578 430 810 478 antequam
831 432 1013 468 cunctus
1033 433 1207 468 corruat
1229 430 1490 468 exercitus.»
1516 430 1598 477 Qui
1613 431 1759 470 statim

201 506 379 533 cursum
414 493 644 544 arripiens,
676 493 847 533 Renum
883 494 1067 542 transiit,
1091 498 1218 544 atque
1253 494 1295 532 in
1316 494 1567 533 Ardennam
1588 495 1757 543 silvam,

201 560 251 598 eo
284 559 398 609 quod
422 559 514 598 Rex
536 558 784 598 Clotharius
819 573 868 599 00
901 563 1095 611 tempore
1121 559 1227 598 inibi
1261 564 1518 607 moraretur,
1543 560 1758 611 Longola-

199 625 311 663 rium
335 637 475 675 usque
508 624 717 675 pervenit.
745 625 942 675 Cumque
971 625 1226 664 nunciasset
1260 637 1309 663 ea
1342 637 1435 675 quae
1469 625 1755 677 contigerant,

200 693 241 728 et
263 690 465 728 deferens
489 690 599 741 Regi
621 690 865 729 abscissam
890 690 1146 741 particulam
1167 691 1217 729 de
1240 690 1378 741 capite
1401 690 1477 728 filii
1500 691 1568 730 sui
1594 691 1757 742 adprae-

202 757 437 803 sentasset,
463 755 554 794 Rex
585 754 718 793 nimie
755 756 903 794 dolore
936 758 1196 802 commotus,
1222 767 1319 794 eum
1350 758 1532 806 strepitu
1558 756 1757 795 tubarum

202 823 244 858 et
266 820 457 859 exercitu
480 820 747 859 Francorum
766 820 881 859 illico
907 821 958 859 de
986 824 1110 859 nocte
1135 833 1420 871 consurgens,
1445 821 1653 859 velociter
1673 820 1758 860 Re·

199 898 303 924 num
324 885 498 924 transiit
519 889 647 936 atque
669 886 712 924 in
734 886 942 925 auxilium
962 886 1037 924 filii
1055 886 1121 925 501
1143 886 1366 925 celerrime
1398 887 1608 938 pervenit.
1634 886 1760 926 Cum-

200 963 282 1001 que
313 951 441 989 simul
462 951 681 1001 conjuncti
700 951 743 989 111
766 964 900 990 unum
922 952 1048 990 hilari
1069 952 1197 990 eorde
1219 952 1421 991 manibus
1437 951 1759 1003 jocundissime

200 1016 469 1067 plauderent,
487 1029 620 1067 supra
640 1016 822 1055 Wisera
837 1017 1017 1056 fluvium
1036 1018 1275 1065 tendentes,
1289 1018 1419 1056 fixere
1436 1017 1637 1056 tentoria.
1658 1017 1760 1055 Ber-

202 1081 376 1120 toaldus
409 1095 513 1121 vero
540 1082 636 1121 Dux
656 1082 876 1122 Saxonum
913 1096 963 1121 ex
996 1084 1079 1122 alia
1112 1087 1232 1134 parte
1267 1084 1371 1135 ripa}
1402 1083 1755 1129 fluminisstans,

200 1150 378 1196 paratus
401 1150 448 1185 ut
469 1148 521 1185 ad
542 1160 731 1198 pugnam
754 1149 1023 1199 procederet,
1039 1149 1220 1188 audiens
1244 1150 1475 1188 tumultum
1493 1148 1759 1187 Francorum

200 1211 500 1262 interrogabat
531 1212 633 1263 quid
664 1213 745 1252 hoc
780 1217 913 1253 esset.
947 1214 1005 1252 At
1036 1214 1097 1252 illi
1130 1214 1466 1265 responderunt,
1510 1214 1704 1253 dicentes
1747 1226 1755 1252 1

201 1293 219 1312 «
253 1276 467 1316 Dominus
490 1277 740 1317 Clotharius
762 1291 837 1317 rex
866 1279 1052 1325 advenit,
1076 1282 1117 1318 et
1136 1280 1189 1318 ob
1221 1280 1302 1318 hoc
1325 1281 1528 1318 laetantur
1546 1279 1716 1318 Franci.
1735 1295 1755 1314 J>

200 1342 368 1390 Quibus
392 1343 620 1394 respondit
642 1356 738 1382 cum
771 1344 979 1383 cachinno
1002 1345 1152 1392 (11.00115
1177 1357 1184 1383 :
1213 1362 1231 1380 «
1255 1345 1560 1384 Formidantes
1581 1356 1660 1383 vos
1692 1344 1758 1382 ni-

199 1423 217 1442 »
252 1406 923 1457 mium,mentiminidelirantes,
947 1409 1217 1449 Clotharium
1235 1410 1349 1449 enim
1377 1423 1505 1461 quem
1526 1410 1755 1449 vobiscum

201 1490 218 1507 «
254 1472 413 1510 habere
438 1473 596 1520 dicitis,
620 1487 700 1512 nos
725 1478 945 1513 mortuum
965 1487 1063 1514 esse
1077 1475 1273 1514 auditum
1290 1475 1546 1514 habemus.»
1568 1475 1659 1514 Rex
1679 1488 1756 1514 au-

200 1542 285 1576 tem
310 1550 444 1588 super
464 1538 603 1589 ripam
635 1539 829 1578 fluminis
861 1543 996 1586 stans,
1021 1541 1145 1591 galea
1175 1540 1325 1579 induto
1349 1540 1502 1591 capite,
1525 1541 1754 1592 crinesque

198 1615 295 1641 00111
326 1603 480 1642 canitie
509 1605 675 1643 variata
708 1605 940 1644 obvolutos
966 1606 1147 1653 habens,
1174 1608 1214 1644 et
1248 1606 1339 1644 haec
1363 1605 1561 1652 audiens,
1587 1607 1753 1657 galeam

197 1669 424 1708 celerrime
459 1683 483 1708 a
519 1683 598 1709 suo
635 1671 773 1721 capite
796 1671 1015 1722 deposuit.
1042 1670 1151 1710 Cum
1184 1671 1394 1710 nudatum
1422 1683 1445 1709 a
1472 1672 1596 1722 galea
1628 1684 1757 1723 appa-

195 1734 362 1773 ruisset
384 1739 512 1786 caput
533 1735 683 1786 Regis,
709 1736 886 1787 agnovit
908 1748 1006 1774 eum
1034 1736 1296 1774 Bertoaldus
1320 1747 1467 1786 regem
1491 1747 1604 1783 esse,
1628 1739 1669 1774 et
1696 1736 1754 1775 ir-

196 1800 344 1839 ridens
368 1800 428 1838 ait
452 1812 459 1838 :
487 1816 504 1835 «
534 1800 597 1838 Tu
621 1800 690 1839 hic
725 1813 836 1844 eras,
864 1800 948 1839 bale
969 1802 983 1828 1
999 1801 1280 1851 jumentum?
1298 1816 1315 1835 >›
1342 1801 1433 1839 Rex
1453 1813 1556 1839 vero
1571 1801 1659 1840 haec
1677 1814 1755 1840 au-

196 1865 319 1903 diens
341 1865 465 1903 valde
487 1865 739 1915 indignatus
763 1870 804 1904 et
825 1866 906 1904 hoc
928 1866 1163 1904 convitium
1188 1865 1379 1916 graviter
1398 1866 1557 1913 ferens,
1573 1866 1754 1905 Wisera

194 1929 373 1968 fluvium
392 1930 670 1981 impatienter
688 1931 933 1981 ingressus,
959 1943 1055 1970 cum
1077 1943 1188 1980 equo
1206 1930 1486 1969 velocissimo
1508 1934 1752 1970 transnata-

192 1994 267 2041 vit,
293 1998 420 2045 atque
444 1995 563 2034 ferus
586 1998 633 2033 ut
652 1998 743 2034 erat
764 1995 907 2043 corde,
933 1995 1214 2034 Bertoaldum
1238 1995 1599 2046 persequebatur.
1624 1994 1753 2033 Fran-

194 2072 430 2110 corumque
455 2060 670 2099 exercitus
696 2064 931 2111 sequentes
954 2060 1134 2109 Regem,
1154 2060 1340 2098 natando
1362 2059 1432 2098 vix
1450 2059 1630 2098 fluvium
1653 2071 1749 2098 cum

194 2124 444 2175 Dagoberto
468 2125 713 2164 transibant
733 2138 810 2176 per
844 2125 1044 2177 gurgites
1078 2125 1334 2163 immensos.
1360 2127 1451 2164 Rex
1482 2124 1628 2174 itaque
1651 2123 1751 2163 Clo-

194 2190 363 2229 tharius
397 2194 694 2241 persequutus
716 2191 1011 2238 Bertoaldum,
1035 2191 1230 2230 certabat
1246 2190 1370 2229 Valde
1401 2202 1498 2228 cum
1522 2202 1586 2228 eo.
1612 2189 1751 2228 Dixit—

194 2268 276 2308 que
300 2256 337 2295 ei
360 2256 652 2295 Bertoaldus:
694 2273 712 2292 «
749 2257 781 2296 O
814 2269 901 2304 rex,
928 2256 1081 2295 recede
1105 2269 1128 2294 a
1150 2268 1232 2302 me,
1261 2268 1313 2294 ne
1349 2256 1460 2294 forte
1494 2253 1750 2293 interficiam

194 2326 247 2360 te.
274 2321 356 2370 Qui
378 2322 415 2360 si
441 2322 721 2373 praevalueris
746 2323 979 2361 adversum
1002 2334 1085 2364 me,
1110 2321 1169 2359 ita
1193 2333 1345 2360 01111105
1376 2320 1576 2359 homines
1607 2319 1752 2358 dicent

195 2388 309 2438 quod
341 2400 516 2426 servum
550 2390 673 2426 tuum
714 2388 996 2426 Bertoaldum
1030 2387 1237 2438 gentilem
1266 2385 1557 2425 interemeris.
1588 2384 1633 2424 Si
1673 2398 1750 2423 au-

193 2457 278 2491 tem
301 2465 381 2504 ego
404 2453 662 2491 interfecero
686 2455 740 2498 te,
766 2456 866 2491 tunc
899 2465 1050 2491 rumor
1071 2464 1256 2502 magnus
1292 2451 1334 2489 in
1356 2451 1523 2490 cunctis
1544 2450 1749 2502 gentibus

191 2519 403 2566 audietur,
439 2518 556 2568 quod
588 2517 860 2556 fortissimus
892 2517 984 2556 Rex
1017 2517 1285 2556 Francorum
1314 2530 1338 2555 a
1372 2528 1499 2555 servo
1531 2515 1588 2553 sit
1615 2513 1749 2551 inter-

194 2582 348 2622 fectus.
377 2600 395 2619 »
423 2584 513 2623 Rex
543 2595 646 2623 vero
676 2595 950 2633 nequaquam
985 2582 1207 2633 adquievit
1238 2582 1366 2621 dictis
1403 2583 1514 2632 eJus,
1553 2580 1629 2619 sed
1663 2579 1748 2617 fre-

193 2659 315 2687 mens
338 2648 401 2687 ira
421 2648 562 2699 magis
584 2648 813 2699 magisque
833 2647 1090 2698 insurgebat
1114 2659 1248 2698 super
1270 2659 1384 2686 eum.
1402 2646 1582 2696 Equites
1603 2645 1748 2694 itaque

239 2792 263 2824 1.
286 2789 337 2823 De
357 2789 422 2822 hoc
442 2789 550 2823 verbo
571 2790 651 2822 vide
676 2789 714 2822 P.
741 2789 853 2826 Paris,
877 2789 923 2822 les
938 2788 1094 2830 qt-andes
1109 2787 1328 2829 Clironiqaes
1342 2786 1384 2819 (Ze
1397 2786 1544 2826 Franco,
1566 2784 1594 2821 Ι,
1614 2785 1687 2817 335.
