1881 3104
716 131 948 173 *57—

53 263 156 290 nem
190 249 410 288 Floventis
447 249 727 300 armigerum,
762 260 786 286 a
821 247 1073 287 Sarracenis
1115 248 1313 296 captum⁷
1355 243 1610 282 Marsibillae

58 316 250 356 animum
298 314 610 361 commovisse,
661 312 764 364 quia
810 313 909 364 ipsa
957 324 1103 351 amore
1143 308 1365 349 Flex-entis
1409 306 1613 346 incende-

59 381 201 419 batur.

113 444 198 483 Sed
218 455 435 494 nusquam
457 445 582 482 antea
602 443 646 481 in
665 443 777 481 libro
799 442 851 481 de
872 442 953 480 hoc
975 453 1121 480 amore
1142 441 1314 478 locutus
1351 439 1417 476 est
1450 438 1611 482 auctor,

63 522 142 549 nec
173 521 303 559 quam
337 508 390 547 ob
423 520 614 555 causam,
637 520 716 546 nec
737 507 908 558 quando
928 506 972 544 in
988 505 1246 545 Marsibillae
1272 506 1447 555 pectore
1470 512 1616 539 creve-

58 574 115 613 rit
136 573 332 624 explicat.
359 572 572 612 Gallicum
604 572 740 623 igitur
772 574 935 610 textum
970 571 1043 622 qui
1077 570 1121 608 in
1152 567 1414 608 islandicum
1451 577 1617 605 sermo-

61 651 160 678 nem
194 638 435 676 translatus
467 637 600 676 fuerit
629 637 815 687 quadam
848 639 969 687 parte
1002 634 1308 686 imperfectum
1343 631 1483 671 fuisse
1526 642 1618 669 cre-

63 703 254 743 dendum
293 705 372 741 este
415 701 541 749 Quod
592 701 630 740 si
681 701 734 740 ad
781 700 1001 740 italianam
1050 698 1339 738 imitationem
1391 695 1617 735 vertimur.

65 767 321 807 Marsibillae
350 778 543 805 amorem
576 766 638 805 sic
672 769 815 804 ortum
854 765 1098 816 reperimus
1133 776 1140 802 :
1173 779 1192 799 «
1228 763 1322 802 Ella
1347 773 1480 812 sapea
1511 760 1620 798 delle

66 835 176 872 sette
198 831 278 869 arti
296 830 480 878 liberali,
505 830 724 869 sicch'ella
745 842 849 868 avea
873 832 1040 868 trovato
1071 828 1259 868 siccome
1293 826 1325 865 F
1329 826 1427 864 iovo
1459 825 1623 864 doveva

61 897 212 936 venire
245 895 289 934 in
321 896 463 946 quelle
492 895 617 946 parti,
655 895 893 934 essiccome
930 895 1095 933 doveva
1125 905 1273 933 essere
1302 904 1382 930 suo
1405 889 1576 934 marito,
1602 900 1622 926 e

61 973 188 1001 come
210 961 347 1000 dovea
383 959 681 1011 signoregiare
715 963 826 998 tutto
865 962 1019 1010 questo
1053 970 1183 1009 paese
1218 973 1237 993 »
1270 961 1379 1008 (cap.
1414 959 1473 1002 11).
1509 954 1624 992 Num

62 1014 332 1066 credendum
365 1024 476 1063 hanc
509 1024 839 1076 explicationem
869 1024 1044 1063 italiano
1067 1022 1234 1062 auctori
1256 1020 1478 1073 propriam
1498 1031 1620 1061 esse.

67 1090 142 1142 qui
174 1102 308 1141 quum
338 1090 383 1128 in
421 1093 539 1129 textu
573 1090 728 1141 gallico
761 1090 923 1128 nullam
959 1089 1145 1128 subesse
1192 1087 1329 1127 amori
1369 1085 1624 1125 Marsibillae

63 1167 246 1195 causam
265 1154 452 1194 vidisset
470 1186 478 1202 ‚
508 1167 663 1194 novam
691 1158 962 1194 commentus
997 1153 1157 1193 t'uerit‘.>
1186 1152 1283 1192 Non
1309 1151 1423 1190 enim
1451 1150 1504 1189 ad
1534 1161 1625 1188 ma-

69 1219 189 1271 gicas
233 1223 349 1259 artes
390 1219 534 1270 gallici
563 1219 774 1271 refugere
810 1220 951 1258 solent.
981 1222 1182 1257 auctores
1218 1221 1267 1256 ut
1298 1215 1627 1256 Sarracinarum

70 1276 224 1336 pectus
246 1297 391 1323 amore
414 1284 750 1323 christianorum
771 1284 1030 1322 bellatorum
1051 1283 1282 1322 incendant
1302 1282 1330 1319 1.
1354 1280 1458 1328 Quae
1481 1279 1628 1318 debel-

70 1350 210 1388 lantes
245 1349 512 1401 conspicere,
549 1349 712 1396 mirari,
737 1352 779 1388 et
809 1349 1008 1387 adamare
1045 1349 1200 1387 solent.
1233 1347 1448 1386 Amorem*
1469 1344 1625 1390 virtus,

71 1427 159 1454 non
179 1415 321 1465 magia
341 1415 494 1466 gignit.
518 1415 586 1453 An
608 1414 733 1453 aliter
752 1426 824 1453 res
847 1426 945 1453 sese
967 1413 1199 1452 habuerit?

129 1479 272 1530 Supra
290 1479 454 1518 dictum
474 1479 599 1518 estin
614 1479 817 1530 capitulis
832 1490 1076 1517 in-Lxxwi
1092 1477 1191 1516 libri
1212 1475 1379 1515 italiani
1397 1487 1421 1514 a
1436 1473 1514 1512 Pio
1534 1473 1632 1522 Raj-

74 1556 130 1582 na
151 1543 256 1582 edit-i
279 1543 561 1594 Drugiolinae,
582 1543 854 1582 Fioravantis
872 1543 1033 1590 uxoris,
1054 1542 1218 1593 injuste
1245 1542 1457 1580 accusatae
1485 1537 1630 1577 varios

77 1620 206 1647 casus
226 1612 267 1647 et
287 1608 490 1647 miserias
507 1608 676 1646 referri.
696 1607 1023 1647 Demonstravit
1039 1607 1179 1657 Rajna
1207 1606 1317 1644 hanc
1339 1604 1440 1643 libri
1463 1606 1630 1655 partem

78 1685 102 1711 a
125 1672 281 1723 gallico
301 1676 499 1724 poemate
526 1673 765 1711 derivatam
794 1674 919 1722 qu‘us
947 1672 991 1710 in
1016 1673 1220 1722 promptu
1245 1669 1503 1721 possidebat
1532 1679 1632 1717 ger-

77 1738 291 1776 manicam
314 1738 462 1776 saeculi
483 1750 553 1776 xvi
573 1738 820 1776 versionem
842 1737 892 1775 de
912 1736 1097 1775 Florente
1114 1741 1151 1773 et
1173 1735 1403 1773 Octavian-0,
1425 1731 1634 1772 Animad-

76 1802 207 1842 vertit
219 1802 347 1841 etiam
360 1803 496 1841 multo
514 1802 655 1853 magis
670 1803 942 1852 complexum
959 1813 1088 1852 quam
1100 1800 1323 1839 italianum
1337 1797 1635 1850 germanicum

82 1879 180 1906 esse
202 1870 381 1913 textum,
417 1879 515 1905 eum
541 1871 685 1905 autem
708 1867 905 1916 quaedam
927 1867 1090 1904 referre
1119 1877 1213 1916 quae
1249 1877 1335 1903 non
1364 1863 1416 1902 ad
1445 1862 1635 1913 Drugio-

80 1931 191 1979 linae,
214 1932 291 1970 sed
313 1931 365 1970 ad
387 1931 508 1969 Fiovi
528 1931 682 1978 (nostri
703 1930 940 1977 Floventis)
964 1930 1192 1969 historiam
1214 1930 1424 1980 spectent.
1449 1926 1638 1977 Drugio-

83 1996 181 2035 linae
203 1995 319 2034 filius
341 1996 538 2043 Florens,
563 2009 586 2034 a
616 1999 857 2034 mercatore
892 1995 1126 2046 parisiensi
1158 2007 1236 2046 pro
1270 1993 1358 2032 filio
1393 1993 1636 2042 adoptatus,

84 2061 356 2099 Parisiorum
379 2060 595 2099 Lutetiam
618 2073 641 2098 a
661 2060 846 2099 Soldano
870 2060 1063 2098 obsideri
1085 2071 1198 2110 {egre
1218 2059 1387 2100 serens,
1421 2068 1539 2095 arma
1567 2067 1639 2093 ca-

87 2126 164 2177 pit,
190 2128 244 2171 et,
269 2136 371 2175 rege
393 2124 642 2175 Dagoberto
664 2125 848 2171 favente,
886 2125 1107 2176 gigantem
1138 2123 1426 2162 Sarracenum
1457 2119 1640 2159 victoria

88 2191 140 2229 de
163 2190 316 2241 gallico
340 2189 448 2228 duce
469 2188 677 2228 Garnerio
700 2190 750 2228 de
779 2189 1048 2229 Montdidier
1074 2189 1209 2227 relata
1228 2188 1432 2233 ferocem,
1458 2195 1642 2236 aggres-

90 2267 182 2301 SUS,
212 2254 411 2301 debellat,
443 2253 819 2305 Marsibillamque
848 2254 1026 2293 Soldani
1057 2253 1203 2299 filiam,
1233 2251 1375 2290 medio
1406 2251 1451 2288 in
1477 2248 1640 2301 praelio,

88 2331 176 2358 non
197 2319 377 2357 invitam
397 2318 522 2368 rapit.
548 2318 651 2366 Qua?
675 2331 771 2357 cum
793 2318 914 2357 Fiovi
939 2318 1123 2357 historia
1144 2319 1367 2368 comparat
1388 2315 1541 2364 Rajna,
1568 2325 1642 2351 su-

92 2384 286 2435 spicatus
303 2383 501 2421 Florentz's
521 2388 558 2421 et
578 2383 787 2422 Octaviani
804 2387 1024 2422 auctorem
1047 2383 1245 2434 gallicam
1267 2380 1487 2420 Flex-entis
1510 2378 1644 2416 histo-

92 2449 200 2487 riam
216 2448 432 2486 imitatum
452 2459 565 2486 esse.
585 2448 709 2495 Quod
726 2448 900 2498 quidem
916 2450 1015 2499 Jurc
1037 2447 1345 2499 suspicabatur
1362 2443 1642 2483 acutissimus

92 2513 332 2563 professor.

138 2671 167 2701 1.
192 2669 339 2700 Galiena
363 2668 506 2710 quidem
530 2670 566 2701 in
591 2674 753 2712 poemate
783 2670 917 2704 Mainet
944 2670 1036 2703 dicto
1065 2680 1129 2711 per
1159 2669 1315 2711 magicas
1348 2671 1441 2700 artes
1477 2667 1519 2700 de
1553 2671 1645 2699 sort*

94 2724 218 2755 sutura
237 2721 339 2754 amici
349 2721 466 2754 Caroli
483 2722 610 2755 certior
627 2723 674 2755 fit.
697 2723 802 2765 (Vide
819 2723 1002 2760 Romania,
1025 2723 1083 2762 IV,
1104 2723 1163 2755 312
1184 2726 1217 2754 et
1240 2722 1324 2763 333).
1343 2720 1412 2753 Sed
1426 2721 1552 2757 satum,
1576 2728 1646 2751 non

94 2783 256 2807 amorem
280 2774 438 2808 docetur.
