1881 3104
777 128 831 133 -
868 103 949 144 1211
985 128 1037 134 --

130 213 304 249 dentium
323 225 512 250 memores
532 215 758 262 religionem
779 215 1090 251 dissimularent:
1127 215 1415 262 Indulgentiam
1449 224 1590 261 autem,
1623 218 1686 254 in-

134 278 229 325 quit,
254 289 276 314 a
293 278 558 315 misericordia
577 279 728 315 Summi
748 280 932 315 Numinis
950 280 1255 327 impetrabimus,
1281 281 1352 316 etsi
1373 288 1529 327 penates
1546 282 1686 318 Ethni-

133 353 264 378 corum
286 348 322 378 et
342 343 446 380 idola
466 350 574 391 gestu
596 345 718 381 solum
739 357 979 381 veneremur.

184 407 333 455 Hospes
354 409 425 445 iste
444 415 524 446 erat
540 410 798 458 perbenignus
825 416 861 446 et
893 411 1065 446 moribus
1099 411 1208 446 valde
1235 411 1418 448 urbanus.
1452 412 1518 458 qui
1552 424 1689 459 aquam

132 471 211 508 illis
229 474 409 510 abluendi
433 475 569 522 gratia,
594 487 639 511 ex
659 476 850 523 argenteis
867 476 1047 523 ampullis
1069 476 1301 511 afferendam
1323 482 1358 512 et
1378 477 1488 527 ci-lp.
1510 475 1689 523 ,Ml-bum

133 536 270 573 deinde
317 539 578 575 lautissimum
618 540 910 587 proponendum
941 541 1103 583 curavit,
1142 540 1235 576 adeo
1268 546 1310 576 ut
1343 542 1505 587 penuria
1543 542 1691 578 nullius

136 601 191 637 rei
213 608 326 641 esset.

186 670 352 707 Pransos
372 682 461 706 vero
482 670 596 706 herus
617 669 718 705 unde
740 675 776 705 et
800 681 874 717 qua
905 670 977 705 iter
1010 670 1280 716 suscepissent,
1319 671 1592 718 interrogavit;
1630 674 1692 710 0111

133 736 298 772 Flovent
321 748 328 770 ε
354 736 478 771 Lubet
496 735 622 779 nobis,
646 736 787 782 inquit,
812 735 984 782 Principi
1003 735 1171 777 cuidam,
1193 735 1286 770 viris
1317 736 1459 772 virtute
1486 738 1691 784 praeniten-

133 802 238 837 tibus
259 801 400 847 egenti,
425 812 579 847 operam
600 806 770 836 nostram
792 800 1047 836 commodare.
1074 801 1220 847 Hospes
1243 813 1250 835 :
1270 800 1431 837 Salubre
1455 803 1565 838 vobis
1599 814 1693 839 con-

135 865 267 900 silium
288 865 384 900 dabo
409 877 415 899 :
441 864 492 899 ite
514 865 559 899 ad
576 865 795 900 Florentem
817 865 961 911 Regem
983 864 1219 900 Francorum
1243 878 1250 900 ε
1276 865 1341 901 ille
1370 872 1504 902 vestrte
1538 868 1694 904 virtutis

134 929 305 966 maxime
337 928 505 976 indiget:
542 941 633 964 nam
663 930 960 976 superbissimus
990 929 1187 964 Saxonum
1220 930 1303 967 Rex
1335 930 1503 967 Salatres
1546 933 1694 979 ingenti

135 994 302 1030 exercitu
336 994 531 1029 Lutetiam
562 993 801 1029 Parisiorum
835 994 995 1029 obsidet.
1019 994 1182 1029 Flevent
1203 994 1255 1029 ait
1275 1006 1283 1030 ε
1312 1006 1356 1031 00
1379 997 1479 1031 certe
1498 1007 1694 1033 commea-

135 1070 235 1094 mus.
257 1058 450 1094 Delassati
471 1070 559 1094 vero
581 1058 626 1093 ad
649 1064 876 1094 nocturnam
899 1058 1067 1105 quietem
1087 1070 1126 1093 se
1147 1065 1386 1106 receperunt.

189 1123 347 1159 Postero
369 1128 497 1158 autem
515 1122 576 1158 die
595 1134 708 1158 mane
729 1123 983 1169 expergefacti
1007 1123 1047 1157 111
1082 1123 1284 1159 delubrum
1318 1124 1365 1159 ab
1399 1125 1549 1171 hospite
1579 1126 1694 1162 dedu-

136 1193 278 1223 cuntur
312 1200 318 1222 :
352 1188 407 1223 ibi
440 1199 568 1234 preces
602 1187 647 1222 ad
681 1199 814 1223 'verum
838 1188 959 1222 Deum
981 1188 1173 1230 fuderunt,
1200 1188 1444 1225 dissimulata
1465 1195 1608 1234 tamen,
1633 1191 1696 1228 cui

137 1252 256 1287 dedit-i
281 1258 402 1294 erant,
427 1252 627 1299 religione,
653 1264 700 1287 ne
730 1252 847 1287 variis
880 1258 1161 1298 exponerentur
1191 1253 1385 1298 perieulis.
1415 1254 1555 1291 Postea
1588 1256 1696 1302 equis

137 1317 350 1360 instructis,
372 1317 509 1363 hospes
529 1317 617 1352 illos
638 1317 679 1352 in
700 1317 802 1352 ⁷<iam
821 1316 996 1352 ducebat.

190 1382 340 1418 Deinde
358 1393 403 1417 ex
423 1382 516 1417 urbe
536 1393 602 1428 per
619 1381 737 1417 ardua
754 1387 790 1417 et
811 1382 974 1417 declivia
990 1382 1074 1417 loca
1094 1383 1135 1417 in
1152 1388 1300 1418 &astam
1322 1384 1515 1430 quandam
1549 1385 1696 1432 sylvam

138 1447 298 1494 profecti
318 1447 429 1489 sicut,
455 1457 529 1493 quo
551 1451 594 1481 ut
611 1452 769 1482 ventum
792 1452 884 1489 erat,
921 1447 965 1481 (le
1000 1447 1167 1493 Legibus
1195 1447 1327 1490 Mosis,
1364 1448 1562 1495 Sapientia
1594 1449 1698 1486 Salo-

139 1512 293 1555 monis,
355 1517 391 1547 et
439 1511 662 1546 admiranda
710 1511 923 1547 Servatoris
971 1512 1093 1547 nostri
1142 1512 1430 1554 incarnatione,
1482 1514 1699 1551 discursum

141 1576 328 1613 habuere.

192 1640 354 1676 Illorum
392 1640 627 1687 colloquium
655 1641 809 1687 juvenis
846 1641 1017 1687 quidam,
1049 1641 1218 1677 saltuoso
1240 1642 1281 1676 in
1302 1642 1384 1678 1000
1410 1642 1546 1686 latens,
1576 1644 1696 1687 audit,

140 1716 348 1751 eorumque
369 1716 479 1751 opem
496 1716 562 1752 per
576 1705 700 1740 Deum
722 1705 911 1751 quiritans
933 1705 1113 1752 implorat
1133 1712 1168 1741 et
1187 1706 1371 1742 inclamat
1391 1719 1398 1742 :
1423 1707 1524 1743 Nam
1542 1720 1625 1755 ego,
1643 1709 1700 1744 in·

142 1769 238 1815 quit,
275 1769 565 1815 quatuordecim
598 1769 739 1805 abhinc
774 1769 908 1804 diebus
945 1781 991 1805 ex
1027 1782 1173 1805 carcere
1208 1776 1245 1806 et
1278 1771 1496 1807 durissimis
1535 1773 1701 1808 vinculis·

143 1834 295 1880 elapsus
316 1834 444 1868 herbis
464 1834 652 1869 victitax‘i.

195 1898 303 1933 Tunc
321 1898 484 1933 Florent
506 1910 513 1932 :
538 1898 650 1933 Unde
670 1898 799 1939 frater,
818 1905 854 1934 et
875 1910 991 1945 quare
1011 1899 1086 1935 huc
1101 1900 1528 1944 venisti‘!-—Doinine,
1548 1914 1700 1948 respon-

145 1962 220 2004 det,
248 1973 317 2009 ego
336 1973 420 1997 sum
441 1962 649 1997 wilhelmi
670 1960 725 2012 (el)
748 1963 864 2009 Regis
883 1963 999 2005 filius,
1026 1963 1091 2010 qui
1113 1963 1355 1999 dominatum
1384 1965 1426 1999 111
1458 1976 1577 2013 ur-(p.
1616 1964 1702 2012 25)-

145 2027 231 2062 bem
263 2026 612 2073 opulentissimam,
648 2027 805 2062 nomine
836 2026 1002 2074 Angem,
1042 2028 1135 2063 olim
1168 2028 1316 2064 habuit.
1342 2029 1626 2065 Meministisne
1647 2027 1703 2079 (f)

146 2091 341 2138 ingentem
377 2091 488 2125 illum
519 2091 742 2134 exercitum,
780 2104 893 2139 quem
928 2093 1065 2128 Franci
1099 2092 1265 2128 Romam
1305 2093 1508 2135 ducebant,
1550 2094 1702 2140 quando

147 2155 425 2191 Constantinus
446 2155 659 2202 Imperator
679 2156 831 2192 Christo
852 2168 993 2191 nomen
1016 2156 1181 2192 dederat.
1207 2157 1315 2193 Tunc
1339 2157 1455 2193 etiam
1490 2158 1549 2193 illi
1581 2159 1704 2195 multa

146 2231 265 2266 regna
296 2219 451 2255 virtutis
485 2231 562 2255 suae
594 2221 835 2257 monimenta
868 2221 1051 2263 fecerunt,
1091 2226 1127 2256 et
1159 2221 1322 2257 Parente
1354 2233 1440 2257 meo
1481 2222 1616 2265 occiso,
1641 2234 1702 2257 1110

148 2284 342 2331 captivum
363 2284 505 2320 Comiti
525 2282 583 2333 (ῃ)
604 2285 756 2321 cuidam
776 2285 961 2331 mancipii
983 2285 1105 2321 instar
1122 2285 1391 2329 vendiderunt,
1418 2287 1481 2333 qui
1505 2287 1700 2322 Muli-ame-

148 2353 212 2384 ten
233 2348 407 2384 venerari
428 2360 489 2383 me
511 2349 647 2395 coegit,
678 2355 715 2385 et
744 2350 864 2385 instar
896 2349 1215 2385 mediastinorum
1247 2350 1414 2386 tenebat.
1450 2350 1598 2386 Exinde
1633 2362 1702 2398 ego

192 2527 230 2564 (c)
252 2524 321 2557 Sic.
346 2525 374 2556 B
393 2528 428 2557 et
444 2525 468 2556 G
491 2537 497 2556 ;
516 2524 669 2557 Milonis.
691 2525 721 2557 D
745 2528 780 2558 et
796 2526 823 2557 E
844 2537 851 2556 :
871 2526 976 2567 Regis
999 2526 1162 2559 Romani.
1184 2527 1209 2558 F
1232 2539 1238 2558 :
1261 2527 1402 2559 Milonis
1425 2526 1466 2558 de
1486 2526 1611 2560 Roma.

193 2577 236 2619 (s)
258 2579 310 2610 A:
333 2578 593 2610 Recordarisne
617 2586 756 2620 magna}
776 2579 873 2611 illius
888 2579 1133 2620 expeditionis,
1156 2589 1264 2621 quam
1284 2580 1410 2612 Franci
1431 2588 1512 2611 cum
1533 2579 1703 2622 Burgun-

152 2630 320 2663 dionibus
337 2633 582 2671 susceperant,
601 2641 682 2663 cum
701 2641 765 2673 por
783 2635 922 2664 montes
941 2632 1151 2673 Apenninos
1173 2633 1377 2670 transirent,
1396 2632 1561 2673 Regnum
1578 2633 1704 2666 Roma-

151 2693 237 2715 num
259 2683 492 2716 devastaturi.

193 2738 240 2776 (9)
261 2737 293 2767 A
314 2750 321 2769 :
343 2736 469 2768 Coniiti
491 2735 534 2768 dc
557 2735 776 2774 Catharecto,
798 2738 825 2769 F
846 2749 852 2768 2
879 2737 922 2770 de
945 2738 1141 2770 Catarecta.
