1881 3104
857 139 914 144 —
947 115 1001 155 :38
1036 138 1092 145 --

253 224 396 272 Quum
426 224 664 264 verisimile
708 225 778 271 sit,
813 229 860 263 ut
890 225 1003 262 infra
1035 223 1308 270 videbimus,
1343 236 1521 262 Lxxxw1
1569 224 1758 275 capitula

199 303 220 329 e
263 290 422 340 quibus
470 293 639 329 constat
674 290 785 328 liber
825 289 855 327 il
896 290 1136 328 Fz'orcwante
1175 301 1224 327 ex
1265 288 1509 339 antiquiore
1559 294 1757 340 poemate

197 355 524 407 franco-italicum
560 356 603 393 in
637 367 813 406 prosam
853 355 1095 394 orationem
1130 367 1258 393 versa
1293 354 1459 401 fuisse,
1489 354 1570 393 1100
1614 359 1759 394 autem

198 433 352 472 poema
374 433 395 458 e
415 420 549 459 variis
569 420 613 458 in
634 432 769 458 unum
799 419 994 458 collectis
1014 419 1184 470 gallicis
1208 419 1485 470 poematibus
1514 419 1757 459 derivatum

198 497 312 531 esse,
338 498 449 523 nunc
478 485 655 524 credere
688 488 754 523 est
785 485 999 535 poematis
1031 484 1360 523 franci-italiam
1383 488 1620 529 auctorem,
1645 487 1759 536 quod

196 551 248 589 ad
285 550 555 589 Ficravantis
590 550 821 589 historiam
846 550 1013 597 attinet,
1047 550 1132 588 duo
1166 549 1297 588 unius
1321 552 1364 588 et
1390 550 1590 599 eJusdem
1613 554 1756 590 textus

199 615 369 653 diverse
392 618 625 654 retractata
646 616 842 666 exempla
866 616 908 653 in
932 628 1065 654 unum
1088 614 1335 665 collegisse.

252 681 338 718 Per
363 683 657 731 conjecturam
690 694 776 719 non
812 681 1085 719 temerariam
1110 681 1284 731 quidem
1308 681 1461 719 ambos
1483 680 1582 719 illos
1614 683 1757 719 textus

196 747 373 798 assequi
401 758 666 797 possumus;
706 759 840 784 unum
871 746 985 784 enim
1011 746 1261 784 Floovantis
1294 745 1591 797 (Fioravantis)
1627 758 1756 784 casus

196 813 373 852 referre.
395 815 441 851 ut
474 825 496 850 a
525 811 664 862 patria
685 812 818 850 domo
845 812 983 859 exsul,
1015 814 1188 849 servata
1217 811 1335 862 regis
1364 811 1481 849 Flori
1513 810 1681 862 [Fiorioj
1716 810 1762 849 fi-

194 877 265 923 lia,
290 877 590 916 Sarraceniam
621 876 819 923 invadat,
850 889 929 928 per
966 876 1259 927 proditionem
1289 876 1478 914 filiorum
1509 875 1628 914 Flori
1667 875 1761 927 regi

199 942 368 981 Balanti
401 942 546 980 Baldae
581 941 795 985 tradatur,
831 942 935 980 dum
967 942 1178 980 Tibaldus
1211 943 1308 992 eius
1343 941 1395 979 ad
1424 940 1635 979 auxilium
1666 940 1762 979 Flo-

197 1019 309 1053 rum,
334 1008 610 1050 avunculum,
640 1006 965 1057 Florellumque
1008 1006 1235 1058 {Fiorellol
1273 1011 1441 1057 patrem
1471 1017 1549 1044 nec
1577 1018 1663 1044 non
1684 1018 1762 1056 pa-

198 1085 297 1124 pam
331 1073 534 1118 advocet;
567 1072 738 1110 favente
773 1071 1032 1122 Drugiolina
1066 1071 1262 1110 Balantis
1296 1071 1384 1109 filia
1423 1070 1761 1119 Floovantisque

198 1139 350 1184 amica,
374 1131 655 1176 Floovantem
679 1149 699 1175 e
723 1137 859 1175 Balda
880 1137 995 1175 exire
1023 1142 1064 1175 et
1085 1149 1182 1176 cum
1209 1136 1471 1175 Christianis
1494 1135 1761 1174 Sarracenos

199 1204 447 1256 profligare,
471 1203 652 1241 Baldam
683 1206 828 1241 autem
861 1202 1005 1253 diripi,
1041 1202 1433 1253 Drugiolinamque
1462 1201 1507 1239 in
1537 1199 1762 1238 matrimo*

199 1270 320 1309 nium
341 1282 365 1308 a
386 1269 622 1308 Floovante
641 1268 755 1307 duci.
781 1268 906 1316 Quod
927 1281 1031 1307 vero
1055 1269 1104 1307 ad
1142 1263 1342 1314 alterum,
1375 1279 1463 1306 non
1500 1265 1761 1305 obliviscen-

201 1335 303 1373 dum
340 1338 407 1373 est
433 1346 519 1372 non
546 1333 640 1371 fieri
674 1333 873 1384 potuisse
908 1333 1009 1383 quin
1034 1333 1183 1371 multis
1214 1331 1531 1371 mutationibus
1552 1330 1764 1369 deforma-

200 1404 320 1438 retur
350 1400 533 1449 gallicus
566 1403 710 1438 textus
732 1400 745 1426 1
768 1404 815 1438 ut
840 1400 950 1438 hanc
972 1399 1236 1438 narrationis
1260 1403 1427 1450 partem
1450 1397 1585 1449 priori
1615 1399 1762 1435 exacte

199 1464 425 1514 adaptaret
458 1464 664 1503 italianus
701 1465 911 1516 scriptor:
947 1465 1008 1503 ita
1042 1465 1093 1503 de
1124 1464 1388 1503 narrationis
1423 1475 1595 1502 summa
1629 1460 1758 1500 modo

197 1529 324 1568 nobis
363 1530 681 1579 Judicandum:
719 1530 1000 1568 Floovantem
1032 1530 1211 1575 scilicet,
1249 1542 1272 1567 a
1307 1529 1445 1580 patria
1475 1529 1604 1567 domo
1637 1538 1763 1565 exsu-

201 1595 300 1640 lem,
324 1595 516 1633 eremitae
545 1596 728 1634 consilia
762 1600 803 1634 et
824 1596 1033 1634 auxilium
1056 1595 1294 1646 recepisse,
1318 1594 1361 1632 in
1382 1594 1500 1645 regis
1524 1606 1548 1631 a
1569 1592 1759 1631 Soldano

201 1658 378 1697 obsessi
408 1660 551 1698 aulam
573 1660 846 1710 pervenisse,
868 1659 1016 1710 ibique
1045 1672 1123 1710 per
1154 1659 1445 1710 proditionem
1466 1658 1510 1696 in
1538 1669 1758 1697 carcerem

199 1726 458 1775 projectum,
484 1726 597 1764 unde
624 1738 702 1777 per
735 1725 1004 1776 Drugiolinae
1035 1725 1132 1763 filia]
1166 1724 1284 1773 regis
1310 1727 1442 1771 artes,
1466 1724 1510 1762 in
1532 1723 1759 1762 castellum

200 1790 419 1839 quoddam
436 1790 679 1841 aufugerit3
704 1791 764 1829 ibi
787 1804 811 1829 a
827 1790 1005 1829 Francis
1029 1802 1155 1841 opem
1171 1789 1336 1830 afferri:
1363 1789 1591 1828 castellum
1614 1787 1758 1838 diripi,

198 1855 425 1893 Balantem
459 1856 697 1906 profligari,
727 1856 1118 1906 Drugiolinamque
1151 1855 1194 1893 in
1229 1854 1556 1894 matrimonium
1589 1852 1760 1892 aFloo-

198 1923 325 1958 vante
361 1919 474 1958 duci.
508 1920 572 1958 Ita
608 1923 668 1967 ut,
707 1924 918 1970 quantum
951 1919 1160 1958 affirmari
1194 1923 1352 1970 potest,
1389 1919 1517 1958 ambo
1553 1922 1696 1957 textus
1716 1917 1761 1956 in

201 1984 282 2023 hoc
323 1985 569 2035 praesertim
616 1985 868 2036 discrepent
911 1985 1025 2035 quod
1061 1985 1104 2022 in
1136 1997 1222 2023 uno
1260 1984 1476 2023 Floovans
1511 1984 1658 2022 Baldae
1695 1984 1759 2035 (z.-

201 2049 378 2094 Balmae,
413 2050 456 2088 in
486 2051 586 2101 gall.
619 2049 865 2099 Floovante]
908 2063 931 2088 a
971 2049 1224 2089 Sarracenis
1254 2049 1508 2095 retineatur,
1544 2049 1587 2087 in
1623 2049 1759 2087 altero

199 2118 345 2154 autem
374 2115 418 2153 in
449 2117 625 2154 castello
649 2115 918 2154 obsideatur.
942 2115 1026 2154 Sed
1052 2128 1072 2153 e
1107 2115 1278 2153 duabus
1310 2114 1408 2153 istis
1430 2113 1757 2152 narrationibus

201 2180 320 2231 prior
349 2180 554 2231 gallicum
581 2185 782 2220 nostrum
812 2181 1095 2219 Floovantem
1115 2179 1261 2230 potius
1291 2179 1333 2217 in
1357 2187 1545 2217 mentem
1569 2181 1756 2225 revocat,

200 2245 420 2296 posterior
468 2246 763 2284 hollandicum
821 2246 1125 2291 Flooxantem,
1176 2245 1290 2283 unde
1343 2244 1600 2283 concludere
1658 2242 1760 2281 licet

199 2309 414 2361 poematis
443 2310 781 2349 franco-italiam
807 2310 1067 2361 scriptorem
1091 2310 1175 2348 duo
1204 2309 1418 2361 poematis
1440 2309 1583 2360 gallici
1614 2320 1758 2347 exem-

197 2374 332 2426 plaria
364 2375 446 2413 sub
479 2375 616 2413 oculis
654 2375 863 2414 habuisse
891 2388 986 2426 quae
1009 2376 1053 2414 in
1074 2387 1207 2414 unum
1243 2374 1477 2426 redegerit.

1097 2443 1105 2456 Ι

199 2497 303 2528 vallo.
330 2507 347 2529 e
373 2497 583 2538 Drugiolina
613 2497 708 2530 disse
743 2512 749 2528 :
781 2510 798 2526 (1
822 2497 1006 2539 Riguarda
1039 2499 1072 2529 10
1098 2498 1166 2529 11110
1188 2497 1311 2539 padre,
1340 2507 1440 2530 amor
1468 2498 1550 2530 mio.
1580 2510 1597 2527 ιι
1619 2497 1647 2529 Ε
1677 2498 1760 2530 Fio-

200 2555 345 2581 ravante
375 2551 468 2583 disse
490 2565 496 2581 :
522 2563 540 2580 z<
567 2550 757 2586 Madonna.
787 2551 987 2583 volentieri.
1005 2563 1023 2581 »
1047 2551 1074 2583 E
1096 2552 1264 2583 ciascuna
1280 2551 1541 2583 l'abhraceiava
1556 2561 1574 2583 e
1595 2551 1758 2583 baciava.

199 2603 226 2634 Ε
255 2603 466 2636 Fioravanto
484 2604 561 2636 usci
582 2604 675 2636 fuori
697 2604 730 2635 al
750 2613 889 2645 campo,
911 2609 968 2636 etc

245 2657 272 2688 1.
294 2658 506 2690 scurrarum
532 2667 715 2700 personas,
739 2658 774 2690 in
799 2658 956 2690 secunda
975 2657 1204 2690 Ftoracantis
1219 2661 1321 2699 parte
1342 2668 1385 2690 ex
1411 2658 1556 2690 italiano
1577 2658 1672 2689 sonte
1693 2656 1757 2689 de-

199 2708 306 2740 rivari
326 2715 435 2750 patet,
457 2712 587 2754 quippe
618 2721 699 2754 quae
733 2712 890 2744 italianis
920 2713 956 2743 111
979 2712 1163 2753 poematis,
1199 2721 1269 2743 non
1301 2721 1384 2744 vero
1412 2713 1448 2743 in
1477 2711 1614 2752 gallicis
1635 2710 1755 2742 induci

198 2762 354 2794 soleant.
381 2764 430 2796 Cf.
451 2764 491 2796 G.
509 2765 623 2804 Paris,
643 2764 798 2797 Histoire
820 2765 984 2807 poetique
996 2764 1038 2796 cle
1052 2764 1322 2806 Clzarlenzaqne.
1344 2775 1381 2806 p.
1402 2764 1471 2805 182,
1494 2774 1529 2796 n.
1560 2765 1588 2796 1.
