1881 3104
813 110 1046 150 -42-

90 229 92 231 ·
152 218 204 256 ad
236 219 463 257 castellum
491 219 534 258 in
562 232 646 270 quo
676 220 936 271 Margaliam
965 224 1185 267 coronant,
1211 224 1251 260 et
1282 221 1486 273 deinceps
1511 222 1700 272 equitant

153 283 381 322 Bavariam
402 297 561 324 versus
583 285 658 324 ubi
681 287 792 325 festa
813 290 962 338 agunt.
986 286 1073 326 Sed
1106 287 1293 337 quodam
1322 287 1389 326 die
1416 287 1543 326 Flure
1580 287 1704 326 Floo—

150 348 283 395 vanti‚
315 349 506 388 Ritziero
535 353 576 388 et
606 351 835 390 duodecim
864 351 1051 390 Parihus
1079 352 1234 390 suadet
1264 356 1310 390 ut
1337 364 1486 391 secum
1515 352 1708 403 proficis-

152 417 325 461 cantur3
348 426 432 464 quo
456 415 682 465 proposito
705 416 763 454 ita
784 416 932 454 dolore
960 416 1150 455 afficitur
1170 416 1254 454 dux
1276 416 1471 454 Bavaria?
1494 419 1542 454 ut
1562 416 1706 454 decla-

155 482 249 517 rent
279 491 431 517 omnes
466 491 512 518 se
544 479 586 517 in
616 480 771 519 Antsai
798 481 1021 532 provincia
1051 493 1333 519 remansuros
1366 493 1481 519 esse.
1515 480 1706 519 Ritziero

155 542 243 581 filia
265 543 382 593 regis
405 543 549 592 FIure,
580 544 702 583 Flam*
731 545 776 583 di
799 559 884 584 rose
911 546 1038 592 dicta,
1068 546 1381 596 despondetur,
1407 550 1449 584 et
1478 558 1575 584 cum
1609 549 1708 584 nata

154 608 292 659 patris
328 621 509 660 regnum
537 610 721 661 accipit3
752 611 865 649 unde
895 611 1008 649 festa
1039 612 1196 661 longos
1226 623 1304 661 per
1331 611 1425 649 dies
1454 610 1498 649 in
1528 611 1706 650 Ritzieri

155 673 306 723 patris,
332 674 530 721 fratrum,
556 676 795 714 amicorum
817 676 1021 715 domibus
1045 676 1332 715 celebrantur.
1357 676 1573 715 Floovans
1595 675 1710 714 Mar-

158 739 316 788 galiam
347 752 526 778 uxorem
557 740 690 787 ducit,
713 746 755 779 et
782 753 881 779 eum
911 741 1145 788 Ritzierus,
1171 744 1218 779 ut
1245 753 1432 792 aequum,
1459 753 1548 780 sum
1577 741 1708 791 regia·

153 803 380 853 dignitatis
402 805 657 856 participem
680 806 774 844 fieri
793 806 898 845 sinit
919 806 1091 858 (versus
1115 805 1267 858 «1-156).

207 869 377 908 Interea
400 883 473 908 rex
493 871 701 910 Galienus
723 884 821 910 cum
842 884 945 921 rege
969 872 1155 911 Cordoni
1180 872 1190 898 1
1210 871 1419 917 Africani,
1452 884 1549 911 cum
1577 873 1711 911 sulta-

154 934 222 972 nis
246 934 458 982 Damasti,
478 935 689 980 Persidis.v
707 936 967 979 Babiloniaez
989 949 1173 983 summa,
1193 949 1288 975 cum
1300 949 1371 975 xiv
1385 937 1566 986 regibus
1592 949 1710 975 exer-

158 999 291 1038 citum
320 1003 469 1038 contra
490 1000 687 1040 Parisios
718 1002 852 1040 ducit.
880 1002 1099 1041 Certiores
1134 1002 1234 1040 sacti
1263 1014 1413 1052 regem
1444 1001 1711 1041 Francorum

158 1063 202 1101 in
223 1063 329 1102 urhe
352 1063 501 1102 Loclme
525 1064 676 1117 (Leton)
700 1078 817 1113 esse,
851 1066 1075 1117 regionem
1102 1067 1378 1117 populantur,
1405 1069 1447 1105 et
1473 1070 1602 1117 ponte
1638 1079 1712 1106 su-

161 1140 239 1178 per
261 1127 377 1167 Onse
401 1130 584 1168 fluvium
616 1133 813 1181 trajecto⁷
853 1131 936 1170 iter
963 1136 1164 1182 pergunt.
1205 1131 1442 1170 Castellum
1475 1131 1713 1183 Purlepont

159 1196 419 1233 construunt
437 1195 454 1219 2
472 1195 588 1245 quod
610 1195 900 1235 Boudefierus
931 1209 1028 1235 cum
1056 1209 1108 1234 xL
1137 1196 1351 1235 militibus
1374 1200 1571 1248 occupat,
1590 1209 1642 1235 ne
1663 1209 1714 1235 ex

158 1257 312 1296 Antzai
335 1259 512 1310 regione
535 1260 695 1298 auxilia
713 1261 765 1299 ad
789 1260 1064 1300 Christianos
1091 1261 1334 1299 mittantur.

211 1324 462 1363 Floovantis
486 1325 562 1364 filii
586 1330 749 1365 sortem
781 1327 898 1365 dolet
920 1327 1086 1378 regina,
1119 1339 1247 1378 quem
1268 1326 1517 1366 Cloovisius
1547 1326 1600 1365 ob
1619 1326 1714 1364 illa·

161 1392 248 1428 tam
282 1389 506 1429 Saleeaerdo
537 1391 743 1441 injuriam
772 1391 814 1429 in
852 1392 1054 1430 exsilium
1086 1392 1296 1443 projecit;
1326 1391 1544 1431 Cloovisio
1569 1391 1654 1442 ipsi
1676 1391 1714 1430 si

161 1454 354 1493 redirent
375 1455 590 1494 Floovans
621 1459 664 1494 et
688 1456 908 1495 Ritzierus
937 1460 1109 1508 gratum
1141 1458 1267 1496 foret.
1288 1456 1407 1505 Quos
1429 1456 1568 1497 reficit
1591 1455 1715 1495 urbis

157 1524 310 1558 custos
334 1520 517 1570 Rigant:
542 1533 592 1559 ea
614 1521 727 1559 enim
750 1521 1022 1561 Parisiorum
1045 1535 1143 1561 esse
1168 1522 1437 1561 munimenta
1459 1525 1500 1560 et
1521 1532 1715 1560 annonas

158 1588 205 1623 ut
230 1585 434 1624 facillime
468 1587 598 1636 longa
635 1587 906 1626 sustineatur
941 1588 1128 1626 obsidio.
1169 1588 1345 1633 Custos
1383 1600 1407 1625 a
1443 1599 1546 1635 rege
1581 1597 1715 1637 eques

158 1652 345 1689 creatus.
370 1662 466 1689 cum
504 1651 727 1701 equitibus
752 1652 1059 1703 proficiscitur.
1095 1656 1260 1691 mutato
1284 1653 1427 1691 solum
1451 1664 1529 1702 pro
1561 1651 1716 1690 haculo

157 1727 287 1765 quem
309 1728 383 1754 rex
406 1716 444 1754 ei
465 1717 645 1756 dederat
661 1729 778 1757 ense.
805 1718 948 1757 Portae
965 1718 1234 1769 aperiuntur,
1262 1723 1304 1756 et
1326 1716 1480 1755 Franci
1502 1728 1600 1755 cum
1621 1715 1719 1754 Sar-

157 1781 327 1819 racenis
355 1793 546 1831 pugnam
569 1781 734 1821 ineunt.
769 1783 860 1822 Rex
881 1783 1004 1822 urbis
1028 1783 1209 1821 Damast
1230 1782 1450 1821 sexdecim
1476 1781 1611 1819 millia
1637 1781 1720 1819 ho·-

159 1844 325 1883 minum
357 1845 536 1884 Francis
569 1847 763 1897 opponit.
796 1847 970 1897 Rigant,
1013 1846 1262 1886 Cloovisius
1297 1850 1339 1884 et
1374 1845 1583 1885 Cloovisii
1621 1844 1714 1887 filii.

157 1909 393 1949 Germinus
433 1914 475 1949 et
508 1911 761 1958 Severinus‚
795 1912 955 1951 mirum
991 1912 1035 1950 in
1071 1912 1249 1950 modum
1291 1911 1443 1949 hostes
1482 1910 1717 1961 profligant

159 1976 330 2026 (versus
352 1976 561 2027 167-318).

212 2040 291 2079 Hic
336 2041 610 2081 concluditur
649 2043 945 2094 fragmentum
977 2043 1035 2089 A3
1065 2042 1147 2080 hoc
1187 2044 1255 2080 est
1293 2045 1438 2079 autem
1481 2039 1716 2089 fragmenti

161 2104 196 2142 Β
221 2110 544 2155 argumentum.

212 2170 381 2221 Regina
404 2170 554 2210 Claude
575 2172 806 2223 desperata
844 2172 1004 2212 moenia
1027 2172 1237 2217 ascendit,
1263 2184 1315 2209 an
1337 2170 1546 2209 auxilium
1573 2168 1718 2208 veniat

155 2234 539 2286 circumspiciens;
565 2237 643 2275 sed
664 2236 772 2275 nihil
796 2237 880 2277 nisi
904 2238 1245 2277 Sarracenorum
1269 2236 1456 2275 tentoria
1479 2235 1610 2274 videt.
1637 2233 1716 2273 Su-

156 2299 247 2338 bito
280 2302 378 2351 ejtis
411 2301 549 2339 oculis
583 2305 764 2352 apparet
802 2303 1008 2341 vexillum
1046 2302 1254 2348 Francife,
1292 2301 1500 2339 vexillum
1520 2299 1715 2338 Jordani.

156 2364 404 2404 Clamorem
426 2365 514 2404 edit
535 2378 619 2416 quo
639 2367 828 2417 populus
851 2368 1015 2406 accitus
1038 2368 1090 2406 ad
1115 2367 1281 2415 regiam
1313 2365 1516 2405 accurrit.
1555 2364 1718 2405 Omnes

158 2430 309 2469 laetitia
330 2432 561 2478 exsultant,
575 2444 695 2469 arma
715 2432 890 2482 capiunt
911 2436 953 2471 et
973 2432 1065 2481 regi
1084 2432 1302 2473 Olifernae,
1324 2429 1563 2481 quiviginti
1584 2429 1719 2467 millia

161 2495 349 2534 militum
377 2497 578 2543 ducebat,
610 2500 857 2536 occurrunt.
896 2497 1067 2536 Interea
1095 2497 1211 2535 filius
1247 2495 1455 2535 elom-isii
1485 2494 1718 2533 Disdierus

159 2558 389 2599 Galienum
413 2561 502 2600 adit
522 2562 747 2600 declarans
769 2574 815 2600 se
843 2562 1203 2601 Mahumetanum
1229 2561 1321 2599 fieri
1353 2561 1478 2601 velle,
1510 2563 1551 2598 et
1584 2571 1717 2609 quum

203 2711 231 2745 1,
258 2711 299 2742 In
321 2714 419 2743 textu
443 2711 583 2746 Cordon
599 2724 652 2741 z
672 2713 866 2745 Corduba?

198 2763 235 2795 2.
260 2763 363 2796 Vers.
384 2765 443 2797 209
459 2765 678 2809 Pierseponl‚
694 2767 753 2799 445
768 2766 965 2809 Pirlepont.
977 2783 1014 2788 -—
1040 2764 1194 2797 Videtur
1209 2774 1287 2798 esse
1309 2763 1600 2805 pierre-ce-ponc.
