1881 3104
819 142 877 147 .-
910 118 966 158 40
999 141 1056 148 ,-

215 227 464 266 Cloovisius
487 240 584 267 cum
604 228 697 267 suis
717 228 932 268 militibus
955 228 1144 280 erumpit
1165 231 1207 267 ct
1228 240 1420 279 paganos
1442 229 1709 280 aggreditur,

160 291 263 330 dum
285 291 502 331 Floovans
525 296 566 332 et
587 293 744 332 Florus
767 293 851 333 alia
872 306 896 332 a
915 297 1036 345 parte
1057 293 1101 332 in
1119 293 1271 332 hostes
1293 297 1438 332 ruunt.
1463 293 1580 333 Inter
1602 306 1713 345 pug-

159 356 350 395 nandum
386 356 602 396 Floovans
633 362 801 409 patrem
838 371 968 409 quem
998 371 1083 397 non
1112 357 1325 409 agnoscit,
1363 358 1478 397 ferro
1514 358 1636 409 petit,
1671 360 1715 397 ct

159 420 289 460 feriat
316 421 359 460 ni
384 421 619 461 Richarius
642 435 836 461 errorem
858 427 958 462 nato
981 423 1193 462 detrahat.
1219 422 1427 462 Galienus
1450 423 1593 462 victus
1615 435 1713 462 cum

161 486 255 525 suis
278 486 321 524 in
339 486 489 537 fugam
521 499 568 526 se
601 488 747 527 vertit.
785 488 816 526 Ε
851 489 1024 528 duobus
1058 488 1266 528 Cloovisii
1299 487 1401 526 filiis
1430 487 1714 526 traditoribus

160 563 273 590 unus
297 551 422 602 perit,
447 552 556 590 alter
576 564 715 603 usque
739 553 790 591 ad
813 553 966 591 urbem
985 552 1126 591 Balme
1143 551 1337 602 aufugit;
1362 551 1429 590 cui
1445 563 1603 590 nomen
1624 554 1717 590 erat

162 615 267 663 (Pete,
293 619 348 663 et,
370 620 602 667 postquam
623 616 802 656 Galieno
819 618 959 656 haeres
983 617 1214 662 successit,
1231 615 1549 655 infestissimus
1564 615 1713 655 Chris-

162 680 289 719 tianis
312 681 395 720 fuit
413 681 571 720 hostis.
591 682 683 721 Rex
704 682 860 721 Florus
883 695 980 721 cum
1004 681 1208 722 Richario
1227 681 1269 719 in
1284 681 1451 720 Ansam
1464 681 1711 728 revertitur,

158 745 373 785 Floovans
411 758 507 785 cum
544 746 769 798 Maugalia
806 747 850 785 in
888 747 1155 786 monasterio
1186 746 1332 786 Sancti
1354 746 1554 798 Dionysii
1589 758 1712 785 coro-

158 814 306 860 natus,
337 823 412 849 rex
434 811 627 850 Francia}
651 812 879 850 salutatur.

368 942 418 977 Et
436 942 628 978 Floovanz
645 942 702 978 fut
721 943 796 978 reis
817 943 862 978 de
882 943 1028 979 France
1047 943 1080 978 le
1099 942 1215 989 regne
1235 940 1264 978 1.

366 1007 489 1042 Assez
508 1007 609 1043 aveit
626 1007 727 1053 apris
748 1019 861 1054 granz
876 1008 972 1044 mals
993 1008 1014 1043 {i
1034 1007 1212 1053 endurer,

366 1071 512 1106 ‚Tamais
532 1077 647 1107 avant
666 1072 711 1107 de
730 1073 816 1119 plus
833 1073 923 1108 n'en
945 1083 1048 1108 orrez
1072 1069 1175 1122 [vos]
1200 1072 1338 1118 parler,

369 1136 408 1172 Si
429 1147 477 1172 ne
497 1147 566 1172 vos
582 1143 672 1172 vuet
687 1148 899 1184 menconge
922 1148 972 1174 ou
992 1137 1147 1173 noveles
1168 1142 1313 1173 conter.

367 1201 453 1237 Dex
474 1212 540 1238 vos
558 1202 700 1248 garisse
719 1207 777 1238 toz
799 1203 863 1250 qui
877 1202 1021 1239 m'avez
1040 1202 1196 1245 escotte,

368 1267 415 1302 Et
434 1267 510 1303 mei
530 1277 622 1302 avec
639 1267 775 1303 n’oblit
795 1268 856 1314 qui
876 1268 912 1303 la
927 1279 994 1304 vos
1014 1269 1050 1304 ai
1071 1266 1209 1303 charite
1230 1266 1506 1312 (2446-2533).

838 1699 943 1738 CAp.
976 1698 1031 1738 ΙΙ.

228 1820 285 1858 De
314 1820 537 1860 lzollanclz'co
567 1821 810 1870 Floovcmte,·
841 1823 940 1874 quid
968 1824 1071 1861 inter
1099 1823 1289 1875 (sallz'czcm
1320 1829 1357 1862 et
1384 1823 1651 1863 leollancliezmz

856 1896 1025 1934 intersit.

556 2037 573 2054 ς)

212 2035 261 2074 In
304 2034 519 2074 Germania
555 2053 573 2062 d
612 2049 635 2074 a
677 2036 883 2076 Pfeiffero
925 2037 1064 2081 edita,
1107 2050 1217 2076 anno
1259 2038 1387 2085 1864,
1430 2036 1716 2076 doctissimus

158 2100 329 2139 Bartsch
349 2101 433 2140 duo
453 2101 698 2152 fragmenta
715 2102 930 2153 poematis
947 2102 1057 2154 epici
1075 2103 1286 2142 mediaeva
1304 2101 1545 2141 Hollandiae
1569 2101 1719 2153 lingua

161 2165 327 2217 scripti,
352 2165 396 2204 in
426 2167 569 2205 lucem
600 2166 782 2217 protulit
806 2170 849 2205 et
878 2167 1203 2206 commentariis
1240 2166 1490 2206 illustravit.
1514 2165 1609 2204 Duo
1627 2166 1718 2205 haec

159 2231 427 2281 fragmenta.
460 2230 504 2268 in
537 2230 787 2280 germanico
821 2230 1009 2270 civitatis
1041 2231 1276 2282 Nfirnherg
1305 2231 1474 2277 Musaeo
1502 2229 1714 2280 deposita,

161 2295 324 2348 duplici
344 2296 680 2334 membranaceo
706 2295 809 2334 folio
829 2299 1048 2344 constant,
1069 2296 1121 2335 ad
1143 2296 1274 2335 finem
1298 2295 1576 2335 saeo.X111Vel
1594 2294 1717 2334 initio

160 2375 231 2401 xiv
253 2362 433 2413 scripto.
468 2360 702 2400 Continent
727 2362 804 2398 639
831 2373 1012 2409 v;ersus
1042 2362 1081 2400 f1
1085 2365 1339 2412 figmentum
1372 2361 1411 2399 Α
1439 2360 1718 2400 scilicet21-

160 2428 252 2473 318,
276 2428 575 2478 fragmentum
596 2425 664 2463 B:
689 2426 781 2463 319-
784 2426 876 2464 639.

214 2489 581 2542 Fiagmentorum
603 2490 745 2528 stvlus
768 2490 950 2541 puerilis
973 2490 1268 2542 simplicitatis
1293 2494 1360 2530 est
1390 2494 1432 2529 et
1453 2491 1719 2542 singularem

208 2655 233 2685 l.
250 2653 342 2685 Vide
362 2665 395 2695 1).
420 2655 473 2691 ⁶27,
492 2665 526 2686 n.
552 2656 578 2687 1.

203 2707 234 2738 2.
261 2706 474 2749 Germania,
501 2698 858 2749 vierteljahrsschrift
880 2707 937 2738 fur
961 2706 1131 2739 deutsche
1160 2706 1540 2742 AlterthumsKunde,
1568 2706 1719 2739 hernus—

163 2760 323 2802 gegeben
343 2770 413 2793 von
433 2761 544 2793 Franz
568 2761 724 2799 Pfeiffer,
745 2760 851 2798 Vien,
872 2779 911 2784 —
931 2765 1085 2793 neuntcr
1107 2761 1302 2804 Jalirgang.
1332 2762 1428 2802 18643
1448 2770 1483 2803 p.
1504 2760 1657 2793 407-436.
