1881 3104
837 175 892 179 --
930 151 1009 192 156
1043 176 1100 183 -—

179 261 253 297 Die
286 261 401 307 igitur
431 263 468 297 in
502 273 699 308 vesperam
732 262 963 306 declinante,
1002 275 1193 301 carcerem
1222 265 1412 304 adierunt.
1447 266 1584 303 Carcer
1615 274 1743 304 autem

184 327 299 362 turris
320 331 402 362 erat
422 327 589 373 paeana,
614 338 727 374 quam
750 339 814 374 per
834 328 1007 365 foramen
1029 330 1093 365 lux
1127 332 1290 377 superne
1325 332 1579 375 illuminabat,
1601 333 1745 369 foribus

185 390 232 426 ad
253 391 416 438 plateam
438 392 695 438 vergentibus.
725 393 810 429 Duo
831 394 902 430 viri
932 394 984 444 (d)
1008 406 1170 442 quorum
1200 396 1286 432 fidei
1306 407 1442 432 arcana
1462 408 1530 432 sua
1551 397 1747 434 commisit

186 456 409 500 Marsibilla,
452 467 518 502 per
562 458 683 493 scalas
716 459 756 493 in
794 461 930 495 turrim
969 461 1207 504 ascendunt,
1242 461 1485 509 Otunemque
1524 462 1742 505 extrahunt,

186 523 251 569 qui
273 527 404 567 postea
423 532 510 557 cum
531 521 742 558 Marsibilla
771 525 811 559 in
832 525 1013 560 conclave
1045 526 1223 572 quod-(p.
1250 525 1424 571 (im-dam
1457 527 1628 563 secessit.
1653 527 1746 563 Haec

186 585 354 621 Omnem
389 587 510 632 primo
543 586 590 622 de
621 590 778 624 nomine
814 589 969 637 quaerit;
1008 601 1082 637 quo
1115 590 1282 626 indicato
1311 602 1318 625 :
1349 591 1566 634 Faciamus,
1603 593 1740 639 inquit,

135 680 139 683 .
185 657 453 695 mercaturam,
477 652 530 687 Te
551 653 770 690 imminenti
790 655 878 690 vitae
898 656 1064 701 periculo
1085 656 1265 699 eximam,
1291 656 1355 691 sed
1380 664 1417 692 tu
1438 657 1548 699 mihi,
1571 657 1744 703 interpo-

186 717 258 751 sito
276 716 510 762 juramento,
534 717 731 754 Floventis
753 729 923 755 amorem
954 719 1188 755 conciliabis.
1210 719 1313 755 Otun
1343 720 1546 767 respondet
1570 732 1576 755 :
1598 720 1745 768 Conju-

186 782 291 827 gium
306 781 503 817 Floventis
523 793 590 829 pro
608 790 710 818 certo
732 783 799 818 tibi
815 784 1009 830 polliceor,
1028 795 1099 820 nec
1113 796 1175 820 me
1190 791 1359 828 auctore,
1376 787 1489 821 aliam
1503 786 1692 833 virginem
1706 786 1746 822 in

184 846 473 902 matrimonium
494 848 656 894 accipiet
681 858 789 884 meus
810 848 1014 886 Dominus,
1039 850 1140 885 Nam
1171 856 1226 893 tu,
1250 850 1429 892 Domina,
1455 863 1546 898 quas
1568 851 1646 886 vidi
1665 851 1748 887 vir-

185 911 306 957 gines,
344 918 543 948 venustate
581 914 746 949 multum
780 920 817 949 et
849 914 961 960 longe
990 915 1189 961 praecellis.
1222 915 1371 951 Deinde
1404 916 1509 961 virgo
1542 915 1749 952 Marsibilla

183 975 350 1012 Otunem
373 977 582 1023 splendidis
610 978 735 1014 induit
755 979 1010 1023 vestimentis,
1036 980 1118 1016 cibo
1151 988 1187 1016 et
1206 988 1298 1027 potu
1329 982 1542 1025 confirmat,
1567 982 1748 1028 omnique

182 1042 350 1088 equestri
381 1049 573 1078 armatura
604 1043 734 1079 donat.
754 1043 963 1080 Marsibilla
995 1047 1134 1080 iterum
1171 1055 1179 1080 z
1211 1044 1435 1091 Conjugem,
1463 1047 1599 1091 amice,
1630 1045 1697 1080 tibi
1728 1055 1747 1080 e

181 1106 299 1142 choro
334 1107 527 1152 virginum
556 1119 730 1143 mearum
761 1109 874 1155 elige,
906 1111 994 1157 quia
1028 1113 1086 1145 vir
1118 1121 1157 1146 es
1185 1109 1308 1152 fortis,
1332 1109 1509 1157 idemque
1538 1110 1744 1146 formosus.

182 1170 280 1206 Tum
301 1170 404 1208 Otun
427 1172 591 1219 virgines
612 1184 746 1209 omnes
767 1175 1042 1222 circumspecte
1060 1175 1323 1221 contemplans
1349 1185 1356 1210 :
1380 1175 1462 1217 has,
1487 1175 1624 1223 inquit,
1649 1175 1746 1210 mihi

178 1240 221 1271 et
239 1236 406 1280 Jofreiri,
430 1239 534 1291 sqcio
556 1249 656 1283 meo,
682 1238 776 1274 duas
805 1239 917 1285 eligo.
942 1238 1150 1274 Marsibilla
1171 1247 1179 1273 :
1202 1237 1282 1273 haec
1303 1237 1406 1283 optio
1430 1237 1527 1272 mihi
1560 1248 1743 1284 perquam

182 1309 289 1347 grata
308 1307 364 1337 est
384 1308 420 1337 et
435 1308 589 1349 accepta
610 1314 618 1338 :
637 1304 759 1339 ambae
779 1304 883 1339 enim
905 1305 1008 1349 regio
1036 1308 1238 1338 stemmate
1258 1309 1348 1338 sunt
1366 1303 1552 1339 oriundae.
1577 1302 1650 1338 Sed
1668 1303 1745 1349 J'am

186 1365 360 1413 ipsaemet
379 1368 494 1404 dicite
518 1379 526 1404 :
549 1368 730 1405 Placetne
751 1369 859 1405 vobis
891 1369 951 1404 his
971 1368 1063 1403 viris
1091 1367 1249 1405 nubere.
1272 1367 1453 1414 Virgines
1480 1367 1713 1414 respondent
1734 1379 1740 1403 :

184 1431 275 1467 Tuae
292 1433 495 1468 innitimur
516 1433 741 1480 prudentiae.
767 1434 911 1470 Iterum
936 1432 1112 1468 Otunus:
1135 1433 1215 1479 Ego
1228 1433 1430 1468 Fausetam
1449 1432 1510 1481 (e);
1536 1438 1574 1468 at
1590 1432 1746 1478 Jofreir,

134 1489 137 1491 ’
183 1499 248 1544 qui
270 1500 327 1534 vir
346 1499 468 1534 bellax
488 1506 545 1534 est
565 1505 602 1535 et
622 1499 783 1546 lepidus,
807 1499 1027 1536 Florentem
1051 1497 1097 1546 (s)
1119 1509 1277 1534 uxorem
1298 1498 1432 1542 ducet3
1456 1508 1602 1545 nosque
1619 1497 1746 1540 ambo,

180 1564 297 1598 vestri
329 1565 471 1599 amoris
504 1575 631 1606 causa,
656 1565 797 1600 multos
822 1564 1008 1599 Ethuicos
1040 1563 1346 1598 exanimabimus
1382 1561 1454 1614 (9).
1479 1562 1627 1598 Deinde
1653 1561 1750 1597 Mar-

184 1630 233 1672 (p.
256 1627 464 1676 (iffi-sibilla
484 1628 659 1664 Floventi
686 1629 871 1664 annulum
901 1640 1011 1663 suum
1034 1639 1192 1663 aureum
1223 1634 1260 1663 et
1289 1627 1487 1671 vexillum,
1507 1637 1598 1662 auro
1621 1627 1750 1662 intex—

183 1697 266 1727 tum
296 1693 459 1740 pignora
490 1695 633 1729 amoris
668 1693 727 1729 sui
760 1695 869 1729 misit
899 1692 951 1741 (lz)
983 1692 1177 1741 Otunique
1211 1692 1255 1728 ad
1289 1694 1362 1728 iter
1392 1692 1578 1735 accincto,
1606 1702 1747 1738 equum

181 1767 412 1802 generosum
447 1758 596 1794 tradere
625 1758 741 1805 jussit
763 1756 823 1806 (i).
846 1756 1013 1803 (Munus,
1037 1758 1123 1794 data
1142 1760 1254 1794 venia
1274 1758 1404 1800 eundi,
1427 1758 1556 1803 gratiis
1579 1758 1687 1802 actis,
1711 1761 1749 1792 et

221 1947 267 1981 (cll
290 1950 320 1980 A
340 1948 365 1979 F
386 1963 392 1980 ε
419 1953 453 1981 et
473 1949 551 1981 duee
571 1959 653 1982 cum
677 1950 719 1981 iis
743 1950 914 1990 foeminee,
935 1959 1016 1990 qua>
1037 1949 1215 1991 perforato
1239 1950 1376 1991 pariete
1397 1949 1740 1984 carceremintrant,

184 2000 367 2033 ardentem
394 2001 563 2042 lychnum
587 2006 779 2043 gestantes.
804 2001 870 2034 Sed
890 2002 942 2033 D:
968 2002 1037 2033 duo
1059 2002 1109 2033 illi
1134 2002 1255 2034 fideles
1280 2002 1357 2038 viri,
1380 2005 1415 2033 et
1438 2001 1516 2033 duae
1538 2001 1710 2043 virgines.

225 2062 263 2089 (e)
288 2057 317 2086 Α
344 2069 349 2085 :
375 2055 543 2091 Fauseth‚
569 2054 593 2087 C
617 2067 624 2087 ε
650 2055 852 2091 Fasetham,
869 2056 898 2087 D
923 2067 928 2086 ε
951 2055 1110 2087 Faucita.

224 2108 261 2150 (fl
288 2108 347 2140 Sic
370 2109 410 2143 Β,
436 2108 499 2141 sed
516 2111 569 2140 A:
592 2108 823 2144 Florentiam.
845 2108 870 2140 C
894 2109 923 2140 D
948 2109 974 2139 F
997 2120 1004 2139 ε
1032 2108 1247 2140 Florentam.

230 2165 276 2203 (9)
294 2164 320 2193 Α
348 2162 377 2194 D
405 2162 456 2193 F:
493 2165 579 2194 tunc
608 2162 760 2194 Fauseta
783 2171 863 2194 cum
896 2162 955 2194 illo
988 2170 1171 2194 sermones
1195 2162 1294 2195 serit.
1320 2162 1478 2194 suaviter
1501 2161 1685 2194 osculatur
1712 2164 1746 2193 et

179 2216 419 2257 amplectitur,
445 2216 595 2248 summis
615 2225 697 2247 cum
718 2214 918 2247 blanditiis.

221 2267 270 2308 (h)
291 2267 338 2299 F:
365 2267 460 2310 quod
492 2268 521 2300 si
545 2268 610 2299 soli
634 2268 837 2309 oppositum
861 2270 970 2307 esset,
1007 2266 1196 2298 videbatur
1231 2267 1333 2307 quasi
1367 2266 1436 2299 duo
1473 2267 1575 2308 igniti
1606 2274 1744 2298 vermes

179 2322 360 2354 morsibus
400 2322 551 2353 invicem
585 2324 776 2357 certarent,
816 2324 850 2353 et
883 2322 1001 2362 ignem
1032 2319 1200 2351 saucibus
1231 2322 1447 2351 eructarent.
1475 2319 1741 2360 Fragmentum

178 2373 226 2405 F:
247 2378 359 2406 totum
384 2374 491 2416 hujus
515 2374 641 2415 capitis
664 2378 915 2416 argumentum
935 2373 1027 2405 idem
1049 2382 1173 2405 revera
1197 2372 1316 2408 tradit,
1339 2372 1402 2404 sed
1422 2372 1587 2414 pluribus
1607 2371 1738 2408 verbis,

179 2431 214 2457 et
238 2428 350 2459 forma
375 2428 480 2469 paulo
505 2427 690 2463 invariata,
717 2427 892 2468 imprimis
915 2426 957 2458 de.
980 2426 1156 2468 colloquio
1180 2429 1213 2457 et
1230 2425 1361 2467 jurgiis
1387 2425 1596 2457 Marsibillae
1617 2428 1652 2456 et
1672 2434 1742 2457 nu-

181 2480 291 2515 tricis,
311 2481 486 2522 virginum
513 2480 686 2512 electione
709 2483 744 2511 el
764 2480 957 2520 responsis,
984 2479 1218 2521 Fausetzeque
1242 2479 1392 2514 technis,
1416 2482 1455 2510 ut
1483 2477 1611 2510 Otunis
1636 2479 1672 2509 in
1705 2487 1742 2511 se

180 2533 357 2565 derivaret
380 2532 563 2574 amorem]

221 2586 259 2625 (i)
284 2588 313 2618 A
334 2599 339 2618 :
371 2587 552 2618 Florentia
581 2586 669 2617 dixit
693 2597 700 2616 :
721 2585 756 2617 Si
781 2595 844 2627 ego
868 2585 1034 2617 Josreiris
1064 2594 1196 2626 sponsa
1220 2594 1292 2621 ero,
1315 2585 1401 2616 socii
1422 2585 1486 2621 tui,
1512 2594 1575 2616 vos
1599 2584 1740 2626 quando

178 2647 261 2670 cum
297 2640 428 2671 nostris
459 2639 726 2675 dimicaveritis,
748 2647 858 2680 prope
887 2637 1013 2669 urbem
1038 2637 1206 2671 accedite.
1231 2642 1271 2668 ut
1293 2646 1358 2669 nos
1380 2640 1535 2669 vestram
1558 2638 1738 2671 virtutem.

179 2700 199 2721 a
220 2693 361 2723 coeteris
379 2693 644 2734 dignoscamus.
666 2692 742 2723 Hoc
764 2700 849 2723 vero
872 2691 1044 2722 vexillum
1072 2690 1135 2730 ID:
1164 2694 1199 2722 et
1222 2690 1424 2731 cingulum]
1450 2691 1502 2722 illi
1523 2690 1623 2723 trade
1643 2691 1738 2732 quod

180 2745 291 2775 nostri
319 2747 449 2777 amoris
480 2746 613 2788 pignus
643 2745 724 2776 erit.
756 2745 802 2782 [F
824 2743 926 2776 addit
957 2754 966 2775 .·
989 2748 1113 2785 postea
1136 2753 1219 2775 vero
1243 2744 1396 2775 urbibus
1421 2748 1455 2775 et
1483 2743 1611 2785 opibus
1635 2743 1735 2775 illum

180 2796 317 2833 ditabo,
342 2799 370 2829 si
391 2799 501 2836 laudi,
525 2808 632 2840 quam
657 2798 699 2830 de
725 2798 784 2830 illo
815 2798 1024 2833 decantasti,
1040 2806 1106 2839 par
1129 2797 1215 2828 mihi
1238 2798 1336 2829 risus
1356 2797 1487 2837 suerin]

1872 316 1881 360 ..—
