1881 3104
783 136 1041 177 —167—

146 253 248 288 vires
277 250 322 286 ad
355 249 615 297 repellendum
652 254 729 284 tam
769 249 1047 284 tumultuosum
1086 248 1236 284 hostem
1278 247 1472 293 adaugeat.
1501 248 1691 295 Impetum

146 318 282 353 acriter
300 315 496 358 faciamus,
520 325 610 350 nam
631 314 692 350 hic
711 321 776 350 aut
798 314 1039 350 moriendum
1059 320 1123 350 aut
1143 313 1373 349 viucendum
1400 318 1472 351 est.
1501 313 1692 351 Defenda-

141 392 228 417 mus
265 381 379 427 igitur
406 382 580 427 regiones
614 386 762 416 nostras
794 380 966 426 viriliter,
997 380 1049 415 ita
1079 385 1122 415 ut
1155 390 1224 415 nos
1257 379 1419 414 honesta
1447 378 1506 414 vel
1535 380 1611 414 vita
1636 380 1696 414 vel

145 457 250 482 mors
274 453 441 484 maneat.
464 446 597 493 Neque
627 448 731 481 enim
762 456 910 492 semper
939 451 1030 480 sunt
1055 444 1166 480 morti
1196 444 1415 488 viciniores,
1441 445 1506 490 qui
1525 442 1614 479 huic
1637 443 1696 478 vel

143 512 200 547 illi
218 512 387 559 periculo
409 511 567 558 ancipiti
594 516 848 558 exponuntur.
874 510 948 554 Qui
977 521 1126 546 summo
1156 511 1358 546 conamine
1390 509 1484 544 vitat
1515 513 1692 550 mortem,

144 582 289 613 naturae
309 583 438 613 tamen
456 577 625 613 debitum
644 577 778 622 solvet,
806 576 956 624 quando
977 586 1091 611 omne
1111 576 1198 610 vitae
1218 581 1368 621 tempus
1386 573 1588 610 effluxerit.

194 641 282 677 Jam
309 653 374 689 per
402 647 525 678 totum
557 642 764 678 exercitum
793 641 1021 678 Francicum
1054 642 1251 686 consurgit
1281 644 1414 675 cantus
1449 639 1626 675 tubarum
1660 646 1697 675 et

143 707 287 743 clamor
301 707 468 743 militum
486 718 493 742 z
514 708 673 754 strepitu
688 707 941 754 equitantium
961 707 1083 753 campi
1102 706 1175 741 late
1196 704 1542 746 circumsonabant,
1560 715 1697 751 aerque

142 771 355 818 fragoribus
385 773 612 819 percrepuit.
636 772 806 813 Saxones
826 783 915 807 vero
935 772 1096 807 viriliter
1115 771 1317 813 resistunt;
1341 770 1432 805 hinc
1461 770 1583 806 multo
1613 780 1698 805 cer-

142 842 262 872 tatum
287 842 345 872 est
364 839 562 885 sanguine.
586 837 675 873 Filii
695 837 811 883 Regis
839 837 1046 884 quemlibet
1064 841 1328 873 occurrentem
1339 841 1513 871 sternunt
1525 834 1697 871 caedunt-

142 912 228 948 que.
253 902 334 938 Nec
364 901 450 937 Rex
477 902 635 938 Florent
668 902 776 938 laude
807 913 875 937 sua
904 902 1178 938 defraudandus
1206 906 1276 938 est.
1307 900 1470 936 Florent
1500 900 1633 936 robore
1662 904 1701 935 et

141 965 363 1002 fortitudine
382 966 494 1013 longe
514 967 854 1008 eminentissimus,
879 978 964 1003 cum
987 969 1099 1003 sociis
1122 966 1200 1002 suis
1226 977 1294 1013 per
1311 965 1477 1002 mediam
1498 965 1693 1000 Saxonum

142 1031 263 1066 aciem
282 1031 508 1078 perrumpit.

196 1096 294 1131 Tum
314 1096 430 1143 Regis
450 1097 518 1132 filii
543 1107 670 1133 acrem
689 1098 948 1133 incursionem
974 1096 1132 1140 faciunt,
1159 1102 1196 1132 et
1217 1107 1260 1131 eo
1281 1095 1347 1131 ubi
1365 1095 1512 1141 Regem
1538 1094 1698 1130 Floren-

146 1166 222 1196 tem
251 1162 405 1197 strenue
429 1168 662 1208 pugnantem
682 1161 826 1207 vident,
850 1163 1033 1208 impetum
1055 1161 1104 1209 (p.
1130 1159 1189 1210 83]
1213 1165 1381 1198 vertunt.
1405 1159 1586 1196 Isaachus
1607 1169 1696 1194 cum

143 1226 287 1261 videret
314 1226 434 1262 aciem
450 1227 728 1274 aliquantulum
748 1229 958 1270 extenuari,
984 1227 1129 1273 Regem
1148 1226 1315 1269 adortus,
1339 1225 1500 1268 hastam,
1523 1224 1698 1271 clypeum

148 1291 229 1337 ejus
252 1291 447 1335 tentando,
471 1292 668 1339 confregit.
691 1292 774 1328 Rex
795 1298 922 1328 autem
951 1292 1128 1338 clypeum
1154 1291 1233 1337 ejus
1263 1297 1299 1325 et
1331 1291 1485 1326 loricam
1516 1289 1695 1336 perforat,

148 1355 274 1391 femur
294 1357 378 1403 ejus
398 1357 564 1402 graviter
582 1357 769 1392 vulnerat.
792 1357 882 1392 Mox
903 1356 1055 1392 Isaacus
1076 1357 1172 1402 Regi
1190 1366 1347 1391 manum
1368 1366 1455 1391 cum
1485 1360 1560 1390 [oto
1584 1354 1699 1389 latere

146 1421 320 1464 abscidit,
347 1427 617 1469 mortuumque
637 1421 772 1468 dejecit
793 1419 835 1471 [Ιίἴ
861 1451 867 1457 .
893 1421 974 1464 Quo
1000 1421 1098 1457 facto
1121 1421 1289 1456 Saxones
1313 1420 1491 1463 clamore,
1516 1424 1558 1454 ut
1576 1418 1701 1454 victo-

148 1486 251 1521 ribus
272 1488 390 1522 moris
411 1491 481 1529 est,
505 1486 667 1530 sublato,
686 1492 984 1533 propugnatores
1002 1488 1125 1522 acrius
1143 1491 1293 1531 urgent.
1314 1485 1449 1520 Franci
1469 1495 1557 1519 vero
1578 1488 1700 1519 morte

146 1551 262 1597 Regis
283 1551 446 1597 cognita,
471 1551 669 1586 confestim
689 1562 771 1586 sese
793 1552 830 1585 in
852 1551 978 1597 fugam
1001 1550 1212 1586 effundunt.
1236 1548 1290 1584 At
1309 1549 1484 1592 Florem,
1508 1549 1598 1584 dum
1619 1548 1700 1583 haec

146 1622 342 1662 geruntur,
369 1617 406 1651 in
427 1616 544 1652 altero
567 1621 647 1651 erat
677 1617 770 1651 aciei
799 1627 930 1659 cornu,
956 1618 1016 1651 cui
1040 1615 1142 1651 Otun
1168 1616 1296 1650 fatum
1317 1614 1432 1660 Regis
1458 1613 1611 1656 indicat,
1635 1612 1695 1648 di-

146 1692 235 1717 cens
263 1678 313 1730 (i)
339 1694 348 1715 .·
372 1681 649 1723 Periclitamur,
682 1680 850 1716 Domine
883 1681 1058 1723 Flovent;
1091 1679 1227 1716 cecidit
1257 1681 1359 1714 enim
1381 1690 1444 1715 rex
1476 1685 1513 1714 et
1545 1688 1691 1721 omnes,

149 1750 336 1793 quotquot
371 1751 471 1789 sunt,
510 1746 549 1781 in
587 1745 715 1791 fugam
749 1757 788 1781 se
821 1746 1042 1792 conjiciunt,
1080 1746 1244 1791 exceptis
1278 1746 1417 1780 nostris
1455 1742 1502 1792 (k)
1538 1753 1699 1791 quorum

148 1811 353 1858 quemlibet
384 1811 642 1846 resistentium
666 1810 705 1857 (l)
730 1810 858 1846 decem
881 1811 1075 1847 Saxonum
1105 1812 1408 1856 circumcingunt
1432 1820 1439 1844 :
1467 1815 1700 1845 revertamur

148 1875 261 1921 igitur
277 1876 322 1911 ad
342 1875 487 1920 urbem,
507 1883 544 1911 et
564 1886 633 1911 nos
651 1876 827 1921 praesenti
848 1877 948 1912 malo
969 1876 1056 1923 fuga
1073 1878 1290 1924 eripiamus.
1311 1876 1482 1917 Flex-ent,
1507 1874 1579 1910 hoc
1599 1885 1700 1909 nun—

152 1941 218 1984 tio,
257 1943 313 1976 uti
333 1952 398 1988 par
431 1946 524 1985 erat,
556 1947 726 1986 moestus,
756 1941 957 1988 respondet
980 1953 987 1977 ;
1012 1942 1168 1985 Moriar,
1192 1943 1269 1978 nisi
1300 1946 1462 1977 mortem
1488 1939 1605 1985 Regis
1624 1940 1701 1975 mei

149 2016 241 2041 nece
276 2006 456 2053 principis
487 2006 682 2052 cujusdam
715 2007 932 2053 rependam.
958 2006 1028 2042 Cui
1048 2006 1176 2043 Otun:
1201 2008 1304 2043 Deus
1326 2007 1420 2041 tene
1451 2005 1594 2040 vertat!
1619 2006 1700 2047 Quo

149 2070 263 2114 dicto,
300 2071 474 2107 tubarum
507 2071 681 2117 clangore
714 2083 800 2107 cum
834 2083 922 2107 suos
956 2073 1230 2118 extimulasset,
1258 2078 1360 2107 tanta
1393 2069 1634 2105 vehementia
1660 2069 1699 2104 in

151 2134 347 2171 Saxonum
367 2137 466 2172 acies
486 2136 690 2180 invehitur,
714 2142 756 2172 ut
775 2147 908 2173 omnes
928 2137 1026 2172 obvii
1059 2137 1157 2184 pulsi
1184 2136 1474 2180 retrocederent,
1498 2141 1563 2170 aut
1590 2140 1701 2171 stan-

153 2206 208 2236 tes
229 2201 420 2240 caderent.

203 2266 350 2302 Deinde
381 2268 543 2304 Florent
575 2267 641 2318 (m)
673 2268 938 2316 AImazurum,
963 2269 1027 2316 qui
1056 2268 1303 2304 Marsibillam
1335 2278 1463 2303 amore
1490 2266 1695 2313 deperibat,

193 2405 245 2446 (h)
269 2405 296 2436 F
319 2417 325 2435 :
349 2405 578 2448 gladiumque
599 2416 704 2439 suum
726 2408 888 2443 elevavit,
910 2407 1095 2439 victoriam
1113 2409 1309 2438 ostentans.

188 2459 234 2498 (i)
258 2459 288 2489 A
308 2458 337 2490 D
359 2469 365 2489 :
390 2468 574 2501 nunquam
595 2460 700 2492 hodie
718 2461 961 2504 circumspicis
981 2462 1142 2499 Domine,
1165 2464 1323 2503 stragem
1342 2468 1426 2491 vero
1446 2458 1490 2490 ad
1507 2462 1700 2500 utrumque

151 2513 243 2543 latus
266 2512 605 2553 perniciosissimam
626 2514 727 2547 facis.

194 2564 243 2605 (lc)
269 2565 294 2595 F
313 2579 318 2595 :
345 2565 548 2606 quindecim
565 2567 738 2600 millibus.

194 2617 235 2658 (I)
259 2619 289 2649 A
309 2618 339 2650 D
359 2632 366 2649 :
386 2628 479 2650 unus
497 2621 659 2651 nostrum
680 2624 832 2662 quatuor
851 2621 1051 2654 Saxonibus
1066 2620 1344 2654 circumdantur.
1366 2619 1392 2650 F
1409 2629 1415 2649 :
1433 2626 1527 2650 unus
1538 2618 1701 2648 nostrum

153 2680 225 2711 sex,
247 2674 313 2703 etc.

194 2730 253 2763 (m)
277 2726 306 2755 A
332 2725 361 2756 D
385 2724 411 2756 F
432 2736 438 2756 :
463 2725 704 2762 Almazurum,
729 2726 935 2760 Marsibillze
957 2737 1139 2769 sponsum,
1166 2727 1330 2762 adortus,
1353 2733 1592 2766 magnamque
1621 2724 1696 2764 cly-

153 2786 218 2819 peo
236 2778 312 2819 eJus
336 2778 527 2810 incisuram
545 2780 734 2821 impressit.
760 2781 938 2822 Almazuri
958 2791 1040 2814 vero
1060 2782 1161 2813 hasta
1183 2781 1347 2822 clypeum
1370 2779 1548 2812 Floventis
1567 2777 1637 2819 (qui
1652 2776 1696 2808 ad
