1881 3104
803 148 1064 191 -issss—

153 267 248 303 rime
270 264 503 313 conscriptas
524 264 571 300 ad
592 264 725 300 urbem
750 263 918 300 Parisios
947 262 1153 299 admovent
1179 275 1186 298 :
1211 263 1347 299 harum
1371 263 1487 300 etiam
1510 268 1634 300 castra
1653 274 1716 299 se-

154 334 230 370 cuti
252 337 342 369 sunt
362 332 509 379 equites
530 329 746 367 Almazuri.

207 398 415 435 Guinimus
438 396 630 432 moenibus
657 394 854 440 accedens,
877 406 1017 442 magna
1034 406 1126 432 voce
1147 395 1352 431 inclamat:
1374 395 1450 431 Ubi
1473 399 1525 438 tu,
1550 394 1717 431 conduc-

161 465 245 502 titie
274 464 401 510 miles,
431 461 668 497 Francorum
699 461 874 497 athleta?
895 472 1059 508 provoco
1092 467 1129 497 te
1162 461 1207 496 ad.
1229 471 1410 507 pugnam.
1434 459 1537 495 Veni
1563 459 1652 504 huc,
1688 464 1725 495 et

153 541 306 567 mecum
328 533 517 572 concerta,
538 528 612 562 nisi
633 526 782 563 deficiat
801 527 968 564 animus.
991 527 1062 563 Cui
1080 526 1174 562 civis
1193 525 1347 573 quidam
1368 524 1720 572 intemperantioris

154 597 295 642 linguae
318 593 512 641 respondit
529 603 537 631 ;
554 592 613 629 lto
629 592 864 638 corbolium,
883 592 935 628 ibi
957 592 1060 628 enim
1081 602 1169 627 eum
1189 602 1276 628 cum
1297 591 1403 638 Rege
1422 597 1553 627 nostro
1569 597 1606 626 et
1618 590 1722 625 mul-

154 662 203 698 tis
231 661 316 696 aliis
342 659 537 702 invenies;
563 670 678 707 quem
705 659 737 695 si
767 658 1012 706 reperieritis,
1036 664 1073 694 te
1098 662 1260 705 tuosque
1286 658 1385 694 male
1403 656 1615 693 mulctabit.
1640 655 1724 692 Hoc

154 730 308 773 accepto
333 725 469 761 nuntio
496 725 701 760 Guinimus
736 735 825 760 vasa
858 735 976 771 ocyus
1009 723 1188 770 colligere
1213 722 1341 770 jussit,
1372 727 1410 758 et
1439 723 1607 758 maxima
1636 732 1723 757 cum

155 791 350 828 celeritate
372 790 445 826 viae
466 801 505 825 se
528 791 724 826 commisit
744 786 819 840 (b).

210 864 263 907 tp.
289 853 352 906 81)
376 856 514 891 Franci
536 855 795 903 incompositi,
818 855 896 891 laeti
926 859 963 891 et
992 855 1074 891 sine
1106 855 1233 891 loricis
1263 854 1449 901 palantes,
1475 853 1565 901 quid
1597 863 1722 888 rerum

155 927 290 970 agatur
310 922 500 965 nesciunt,
519 921 740 968 priusquam
759 920 848 956 huic
869 921 1052 956 exercitui
1073 925 1289 956 occurrunt.
1306 917 1369 956 Ad
1385 930 1492 955 arma
1504 920 1586 954 sine
1603 918 1720 953 inter-

157 987 355 1035 capedine,
387 987 568 1033 utrinque
603 986 856 1028 concurritur,
890 991 926 1021 et
962 996 1051 1021 mox
1083 987 1218 1031 ingens
1250 984 1372 1020 caedes
1404 983 1552 1025 editur;
1586 981 1722 1018 Franci

157 1043 247 1090 vero
284 1053 362 1088 iere
399 1052 445 1087 ad
485 1051 788 1087 internecionem
830 1061 950 1098 usque
994 1051 1206 1087 caeduntur.
1244 1046 1300 1100 (c)
1335 1049 1481 1085 Deinde
1521 1048 1728 1084 Guinimus

158 1129 298 1166 magna
311 1129 403 1154 voce
424 1117 639 1153 exclamatt
663 1116 739 1152 Ubi
764 1122 818 1159 tu,
843 1115 1075 1152 conductitie
1095 1116 1219 1158 miles,
1245 1115 1391 1162 adesto,
1414 1116 1446 1150 si
1467 1113 1606 1155 audes;
1633 1123 1726 1148 nam

160 1191 198 1221 te
214 1185 292 1220 vita
311 1183 459 1230 privare
481 1181 643 1217 decrevi.
670 1181 847 1226 Flovent,
873 1181 1033 1217 subditis
1055 1192 1151 1228 equo
1173 1180 1395 1225 calcaribus,
1418 1180 1536 1216 instar
1554 1179 1727 1215 fulminis

162 1249 332 1292 emicuit,
358 1258 522 1295 eumque
555 1246 664 1282 hasta
701 1247 862 1293 petitum
897 1258 942 1282 ex
975 1258 1088 1294 equo,
1112 1246 1228 1281 illaesa
1259 1253 1388 1281 tamen
1422 1245 1538 1281 lorica
1573 1244 1621 1293 (et
1650 1244 1731 1280 haec

162 1327 277 1353 causa
296 1316 431 1351 salutis
461 1311 544 1361 fuiti
567 1314 679 1359 longe
710 1313 840 1360 procul
861 1312 1010 1359 dejecit.
1036 1312 1216 1348 Protinus
1250 1311 1364 1347 frater
1395 1311 1477 1358 ejus
1509 1309 1645 1346 Isaach
1666 1307 1729 1360 (d)

163 1382 328 1423 advolat,
352 1380 606 1427 Fioventiq11e
626 1380 746 1415 altum
765 1379 919 1422 vulnus,
942 1385 984 1414 ut
1009 1384 1098 1425 pote
1126 1389 1205 1414 non
1234 1378 1404 1422 loricato,
1434 1376 1544 1412 hasta
1573 1375 1728 1412 inflixit.

163 1447 237 1483 Sed
269 1445 369 1494 quod
396 1445 441 1480 ad
465 1444 718 1491 Archiregem
739 1444 926 1480 Salatrem
947 1445 1097 1486 attinet,
1122 1443 1186 1478 ille
1208 1440 1262 1492 (e)
1286 1443 1325 1478 in
1345 1443 1467 1489 primo
1492 1442 1620 1478 statim
1641 1452 1733 1478 con-

164 1524 278 1549 cursu
312 1517 484 1558 receptus
515 1510 586 1546 fuit
616 1521 637 1546 a
667 1511 762 1557 suis,
785 1515 822 1546 et
842 1510 1009 1545 militum
1035 1508 1228 1545 testudine
1260 1508 1582 1550 circumvallatus,
1605 1518 1676 1543 nec
1696 1507 1735 1542 in

165 1579 403 1614 Francorum
425 1577 569 1612 diutius
589 1580 777 1623 potestate
797 1576 1022 1622 permansit.

218 1643 382 1678 Florent
404 1653 445 1677 se
470 1641 712 1676 vulneratum
743 1641 914 1677 sentiens
935 1652 1023 1676 cum
1043 1638 1169 1675 Otune
1190 1644 1228 1675 et
1251 1638 1429 1683 Jofreire,
1453 1637 1613 1684 aliisque
1632 1647 1736 1672 com-

166 1707 405 1744 militonibus
422 1706 620 1754 paululum
639 1717 659 1741 e
678 1705 810 1753 praelio
824 1705 1011 1748 discessit,
1026 1704 1197 1751 dixitque
1218 1716 1225 1738 ς
1249 1703 1402 1739 Vulnus
1426 1702 1578 1750 quidem
1591 1703 1733 1748 accepi,

167 1784 327 1820 parvum
350 1779 492 1815 tamen,
520 1773 551 1807 si
572 1771 693 1807 virtus
719 1771 958 1807 vulnerantis
985 1769 1262 1812 consideratur,
1285 1769 1382 1804 mihi
1411 1768 1566 1804 interim
1592 1772 1738 1814 tempe-

170 1850 252 1874 rare
272 1849 434 1885 nequeo,
459 1847 533 1884 quo
564 1837 694 1872 minus
727 1837 909 1882 injuriam
938 1836 1037 1872 hanc
1069 1835 1167 1871 mihi
1202 1835 1348 1870 illatam
1375 1834 1553 1871 ulciscar.
1576 1832 1739 1868 Interim

171 1905 255 1940 Rex
296 1903 454 1940 Florent
485 1913 573 1938 cum
607 1907 685 1938 toto
722 1899 775 1951 (fs
811 1902 980 1937 exercitu
1015 1907 1052 1936 et
1082 1900 1282 1946 armigeris
1319 1899 1493 1942 advenit,
1529 1909 1740 1946 omnesque

171 1976 380 2006 armantur.
431 1967 657 2003 Floventem
703 1967 818 2002 armis
862 1966 1039 2002 indutum
1080 1966 1292 2013 quemlibet
1330 1969 1595 2000 occurrentem
1642 1963 1742 1999 haud

174 2036 320 2079 leviori,
346 2045 460 2083 quam
480 2045 554 2081 quo
581 2034 659 2081 ipse
681 2033 838 2069 affectus
860 2038 940 2068 erat
959 2031 1094 2081 vul-ip.
1120 2030 1299 2081 {RQ-nere
1320 2030 1511 2066 sauciasse
1538 2028 1591 2078 (ut
1617 2030 1744 2076 inquit

174 2102 275 2148 Mag.
300 2095 450 2148 Simon)
473 2099 598 2136 credo.
623 2099 706 2135 Nec
728 2097 831 2134 Otun
854 2103 891 2133 et
909 2097 1050 2134 Jofreir
1080 2102 1117 2133 et
1145 2096 1364 2145 quindecim
1395 2092 1453 2145 (ᾗ)
1485 2105 1569 2142 quae
1588 2093 1745 2130 aderant

178 2167 352 2215 equitum
373 2165 495 2201 millia
516 2166 615 2201 ullas
644 2167 683 2200 in
711 2164 904 2211 sequendo
924 2174 1050 2199 moras
1072 2168 1243 2199 nectunt.
1267 2162 1366 2198 Tum
1386 2161 1550 2196 Flovent
1578 2160 1617 2195 in
1642 2159 1745 2195 hunc

178 2233 349 2269 maxime
369 2228 527 2266 modum
550 2229 728 2276 praefatus
757 2235 816 2264 est
838 2239 844 2263 :
868 2228 988 2271 Deus,
1012 2227 1242 2263 Dominator
1274 2225 1360 2263 coeli
1387 2230 1425 2261 et
1450 2229 1572 2268 terrae,
1595 2229 1745 2259 nostras

223 2407 270 2449 (b)
294 2407 340 2439 F:
372 2407 431 2439 Sol
470 2405 610 2441 occidit,
647 2404 709 2436 sed
741 2404 853 2436 valles
885 2406 919 2436 et
948 2406 1087 2436 montes
1124 2403 1262 2445 fulgore
1293 2409 1475 2434 armorum
1512 2399 1746 2433 Ethnicorum

182 2462 499 2505 resplenduerunt.

228 2524 273 2562 (c,
294 2521 328 2561 d)
354 2522 414 2553 A:
452 2519 657 2552 Demetrius
687 2522 721 2550 et
757 2518 894 2550 Isaach.
920 2518 971 2549 B:
997 2518 1178 2550 Guininus
1201 2520 1235 2550 et
1251 2517 1384 2550 [saach.
1410 2515 1460 2548 C:
1486 2515 1691 2548 Guinninus
1713 2515 1748 2544 et

184 2575 303 2607 Isach.
334 2575 362 2606 D
386 2586 391 2605 :
421 2573 596 2615 Gynimus
617 2575 652 2605 et
672 2572 785 2604 Isaac.
808 2572 858 2603 F:
879 2571 1066 2604 Guinimer
1089 2570 1125 2604 et
1147 2571 1251 2603 Isaak
1270 2571 1326 2603 vel
1350 2571 1508 2603 IsaacUS.

228 2636 269 2673 (e)
293 2634 338 2665 F:
362 2633 512 2672 Quando
535 2633 702 2675 praelium
725 2632 761 2663 in
781 2631 873 2663 valle
898 2634 1063 2673 caeperat,
1089 2631 1294 2663 Corbolium
1311 2630 1496 2672 equitavit,
1521 2628 1583 2661 ubi
1607 2627 1651 2659 ab
1670 2635 1747 2658 om-

186 2687 295 2719 nibus
319 2687 564 2719 amantissime
589 2686 778 2728 excipitur.

232 2748 273 2790 (f)
297 2749 327 2779 A
349 2760 354 2779 :
379 2757 449 2779 xxx
472 2748 646 2784 millibus,
673 2746 840 2779 omnibus
859 2746 1027 2782 armatis;
1053 2746 1082 2777 D
1109 2758 1115 2777 :
1135 2756 1181 2778 xx
1207 2745 1378 2777 millibus.

233 2808 278 2848 (q)
301 2808 332 2838 A
354 2819 360 2837 :
385 2816 433 2839 x1.
460 2807 487 2838 B
509 2807 533 2839 C
556 2807 582 2837 F
604 2821 610 2838 :
629 2816 675 2839 xv
694 2806 818 2841 millia,
842 2805 896 2838 D:
919 2815 940 2836 x
963 2805 1088 2837 millia.
