1881 3104
736 92 998 132 —145—

91 218 202 255 quam
224 206 390 253 prImum
411 205 635 240 Floventem
655 204 904 250 conspiceret,
931 203 1201 248 obstupescens
1223 213 1313 238 mox
1333 205 1529 249 expalluit,
1552 206 1645 242 taci-

92 277 205 318 toque
227 275 375 316 pectore
398 271 594 316 suspirans
623 280 752 304 secum
780 268 832 303 ita
851 268 1018 315 quuitur
1041 279 1050 304 2
1072 265 1124 302 O!
1150 274 1283 313 quater
1303 274 1339 303 et
1359 271 1521 314 quoties,
1546 271 1645 307 11000

91 335 346 377 Mahumetes,
371 344 449 369 11011
471 340 528 369 est
547 332 783 368 numeranda
803 333 993 378 virginum
1022 331 1099 374 illa,
1125 331 1184 366 cui
1206 331 1263 366 vir
1283 331 1370 367 talis
1391 334 1532 379 conjux
1552 345 1646 370 con-

93 399 190 445 tigit.
216 399 298 435 Rex
327 398 444 433 filiam
477 408 585 433 suam
610 398 662 432 ita
693 396 961 443 pallescentem
983 397 1149 438 intuens,
1174 396 1330 442 quaerit:
1351 396 1416 432 uhi
1441 404 1527 432 tuus
1548 400 1646 444 pris-

93 466 197 500 tinus
228 463 345 506 nitor,
377 474 450 510 quo
485 474 527 498 os
561 468 667 498 tuum
701 461 893 497 decoravit
925 459 1087 496 natura?
1118 466 1183 495 aut
1216 471 1284 496 cur
1315 463 1516 508 repentino
1550 463 1646 499 adeo

94 530 237 576 pallore
259 527 502 564 suffunderis.
521 527 592 562 Illa
610 526 825 573 respondit:
844 526 944 573 quia,
964 525 1158 561 carissime
1170 525 1312 561 Parens
1330 523 1385 575 (9)
1403 526 1648 563 vehementer

94 594 267 630 febricito
286 606 294 636 ;
319 600 356 628 et
377 604 420 628 ex
443 597 612 639 tempore
633 592 773 627 lectum
796 592 918 637 petiit.

150 658 310 694 Interim
332 657 475 692 milites
502 656 742 694 Floventem.
766 655 959 702 animique
980 661 1017 690 et
1036 654 1204 701 corporis
1224 655 1323 691 dona
1343 652 1399 706 (p.
1425 654 1486 705 48)
1513 657 1648 703 quibus

100 722 226 758 illuxit
246 722 418 758 certatim
440 727 478 756 et
497 722 605 768 quasi
628 720 860 755 tumultuose
878 719 1108 755 collaudant.

152 788 236 823 Rex
258 786 398 822 indicto
418 786 587 829 silentio,
611 786 834 821 Floventem
859 786 959 820 hunc
979 786 1018 820 in
1039 785 1194 820 modum
1212 785 1401 821 allocutus
1426 796 1433 822 :
1457 786 1571 822 Nunc
1597 793 1647 831 te,

99 855 237 899 inquit,
261 851 425 886 Flovent
454 850 676 891 honoribus,
709 861 802 896 quos
833 849 898 884 tihi
928 856 1038 885 autea
1064 850 1209 896 recepi,
1240 850 1437 893 mactali03
1471 858 1512 886 tu
1543 863 1651 887 meus

101 917 258 963 signifer
278 917 367 957 eris,
395 916 434 951 et
454 916 609 961 insuper
631 913 696 949 tibi
723 926 747 948 11
770 914 914 961 equites
938 919 975 948 et
996 913 1230 959 Corbolium,
1254 926 1367 962 quam
1388 915 1557 952 Saxones
1572 917 1650 963 jam

103 982 276 1017 incolunt
299 980 368 1028 (lv),
393 981 598 1026 omniaque
621 979 929 1025 circumjacentia
950 990 1064 1025 regna
1084 980 1137 1014 cis
1163 990 1315 1015 amnem
1337 992 1420 1027 quae
1441 981 1652 1017 Frandenis

102 1051 272 1087 vocatur,
297 1045 395 1080 dono
417 1044 537 1080 trad‘o.
562 1044 747 1079 Praeterea
769 1044 954 1079 annulum
975 1055 1086 1078 suum
1107 1055 1262 1079 aureum
1283 1047 1317 1080 ei
1337 1045 1452 1091 dedit,
1478 1047 1537 1082 cui
1558 1048 1654 1093 lapis

105 1111 257 1158 quidam
280 1110 418 1145 insitus
440 1114 540 1151 erat;
567 1109 646 1154 ejus
669 1119 829 1154 gemmae
847 1108 903 1143 vis
925 1106 1109 1144 mirabilis
1128 1108 1220 1144 adeo
1239 1115 1332 1152 erat,
1356 1115 1399 1145 ut
1418 1110 1449 1145 31
1479 1111 1561 1158 quis
1582 1123 1653 1146 an-

105 1176 241 1211 nulum
278 1175 318 1210 10
357 1185 420 1210 010
455 1179 613 1216 teneret,
649 1173 736 1208 licet
765 1178 930 1219 gestator
963 1175 1003 1208 in
1033 1184 1183 1209 summa
1212 1174 1413 1210 hominum
1442 1175 1656 1222 frequentia

104 1242 335 1277 constitutus
356 1244 469 1281 esset,
492 1250 513 1273 a
533 1239 686 1274 nemine
709 1245 833 1274 tamen
856 1239 1021 1284 conspici
1044 1243 1183 1284 posset,
1206 1239 1281 1274 nisi
1301 1238 1382 1286 ipse
1402 1240 1528 1275 vellet.

158 1302 320 1338 Flovent
341 1303 427 1338 dein
450 1314 623 1350 surgens,
648 1303 742 1349 Regi
764 1314 877 1350 quam
902 1303 1089 1339 maximas
1116 1314 1182 1349 pro
1213 1306 1327 1339 tantis
1359 1305 1554 1341 beneficiis
1583 1306 1659 1352 egit

106 1368 262 1414 gratias.
284 1367 378 1402 Inde
399 1368 546 1415 equites
567 1368 643 1403 fere
664 1379 797 1403 omnes
818 1374 1099 1411 concurrentes,
1122 1368 1346 1404 Floventem
1363 1372 1657 1416 antesignanum

109 1433 267 1478 eligunt,
285 1431 378 1467 adeo
395 1437 436 1469 ut
452 1443 634 1467 numerus
649 1443 779 1467 eorum
797 1432 918 1467 factus
936 1434 984 1467 sit
999 1433 1225 1467 millesimus
1241 1435 1540 1470 sexcentesimus
1557 1433 1600 1483 (i)
1627 1434 1656 1472 l.

108 1497 189 1540 Quo
209 1497 292 1532 Rex
310 1499 405 1539 viso,
434 1497 473 1531 10
491 1497 571 1532 haec
593 1497 705 1532 verba
726 1499 848 1543 erupit
873 1509 879 1531 :
902 1497 1042 1544 Ecquis
1065 1503 1119 1533 tot
1136 1509 1305 1544 unquam
1328 1499 1536 1545 insignium
1557 1500 1659 1536 viro-

107 1574 192 1598 rum
213 1573 393 1597 coronam
414 1561 576 1597 viderit?
598 1573 759 1609 quorun]
782 1561 934 1608 quidem
956 1563 1151 1598 neminem
1173 1562 1323 1598 demam
1349 1562 1417 1612 (li).

160 1627 302 1663 Eodem
320 1627 379 1662 die
396 1627 614 1662 convivium
638 1627 720 1662 Rex
743 1627 960 1669 celebravit,
984 1627 1030 1662 ad
1053 1627 1151 1673 quod
1174 1639 1306 1663 omnes
1327 1629 1471 1664 aulicos
1490 1640 1579 1665 suos
1602 1629 1661 1664 in-

108 1692 254 1736 vitavit,
283 1698 414 1738 postea
442 1693 551 1727 venia
584 1702 606 1726 a
632 1691 736 1736 Rege
768 1689 969 1737 impetrata
991 1692 1041 1737 (p.
1068 1690 1127 1741 49)
1152 1692 1314 1728 Florent
1343 1704 1385 1728 ac
1410 1693 1569 1730 Hei-met
1590 1694 1662 1730 do-

109 1768 215 1792 mum
252 1756 424 1791 redeunt.
461 1756 606 1792 Deinde
639 1756 801 1792 Flovent
829 1756 874 1791 ad
902 1757 1120 1792 Hermetem
1150 1757 1246 1793 dixit
1275 1768 1283 1793 :
1317 1758 1464 1794 Vellem
1492 1771 1596 1795 arma
1627 1767 1664 1796 et

109 1821 348 1863 vestimenta,
370 1822 477 1867 queis
498 1832 603 1856 meos
623 1819 763 1856 donare
783 1832 953 1867 possum,
979 1825 1145 1858 cof-mas.
1166 1822 1248 1865 Quo
1269 1822 1367 1858 facto
1389 1822 1551 1857 Flovent
1571 1832 1665 1868 pos-

111 1891 190 1921 tero
211 1885 270 1921 die
291 1896 424 1921 omnes
441 1885 542 1921 viros
560 1896 648 1921 suos
666 1885 841 1921 convivio
859 1888 1012 1932 opiparo
1031 1885 1236 1930 adhibitos,
1255 1889 1384 1929 armis,
1407 1886 1661 1929 vestimentis,

110 1950 268 1997 aliisque
289 1950 499 1996 magnificis
520 1950 698 1985 instruxit
718 1950 960 1997 muneribus:
984 1951 1170 1994 Nox-istis,
1192 1951 1384 1998 inquienS,
1408 1953 1444 1986 in
1470 1951 1663 1986 Saxonum

110 2018 297 2061 potestate
329 2024 413 2048 esse
444 2013 554 2048 nobis
585 2025 606 2048 a
634 2013 739 2059 Rege
768 2024 989 2048 concessam
1018 2013 1166 2056 urbem,
1199 2024 1313 2060 quam
1344 2024 1529 2060 occupare
1555 2012 1665 2048 nobis

51 2086 55 2090 '
111 2089 190 2114 non
211 2078 340 2113 datum
360 2083 431 2123 est,
455 2077 527 2112 nisi
546 2078 757 2124 periculum
781 2078 819 2112 in
838 2083 1078 2113 antecessum
1102 2077 1320 2113 subeamus.
1345 2077 1570 2124 Comparate
1592 2077 1666 2123 igi-

148 2229 175 2255 1.
198 2227 334 2255 Litterula
354 2227 388 2261 (ij
409 2227 436 2255 in
456 2229 534 2254 tc-xtu
555 2227 644 2255 deest.

156 2299 200 2339 (9)
222 2298 270 2329 F:
298 2298 415 2338 Eques
444 2297 499 2329 hic
520 2297 657 2330 advena
678 2298 772 2329 1111113
798 2306 904 2329 causa
928 2299 992 2333 est,
1020 2300 1054 2328 at
1077 2296 1151 2328 Rex
1182 2297 1277 2328 illam
1309 2298 1442 2338 gremio
1470 2306 1533 2328 suo
1554 2297 1669 2338 impo-

113 2352 197 2383 snit.

151 2403 198 2444 (11)
224 2404 280 2436 Sic
300 2403 328 2434 B
354 2406 388 2435 ct
415 2403 458 2437 C:
484 2404 545 2436 sed
563 2405 619 2436 A:
652 2404 706 2435 1113
722 2403 812 2435 addo
832 2404 995 2444 Regnum
1019 2402 1217 2435 Varmundi
1248 2403 1292 2444 [D
1319 2415 1325 2434 :
1362 2403 1554 2443 Yarundis,
1579 2403 1668 2434 sorte

114 2457 207 2489 idem
225 2457 319 2498 quod
340 2457 760 2498 agerVeromanducnsis
779 2456 1059 2497 (Vermandois)]
1083 2466 1194 2497 usque
1213 2456 1258 2487 ad
1272 2465 1424 2493 amnem,
1441 2466 1520 2497 quae
1539 2456 1671 2488 dicitur

112 2510 348 2552 Ftandres.[1³
366 2522 372 2541 ;
389 2510 538 2541 Veriiids
554 2520 667 2552 usque
687 2510 730 2542 ad
751 2509 922 2541 Flandres
940 2509 979 2541 (D
998 2521 1004 2540 :
1026 2510 1206 2549 Frandiffl
1229 2519 1308 2550 quae
1333 2510 1451 2540 onmia
1468 2511 1567 2550 justo
1585 2511 1670 2550 jin-e

114 2564 327 2605 possidebis,
349 2564 413 2595 hac
434 2566 554 2596 tamen
575 2564 777 2596 conditione
798 2563 1018 2605 interposita,
1041 2566 1081 2594 ut
1098 2562 1257 2594 Saxones
1281 2572 1480 2594 removeas.

157 2616 197 2656 (i)
217 2616 273 2648 Sic
294 2615 318 2647 C
335 2619 370 2647 et
392 2616 435 2650 B.
459 2616 521 2648 sed
540 2616 569 2647 A
594 2630 601 2647 ε
627 2626 703 2648 mcc.
722 2617 751 2648 D
777 2629 783 2648 :
810 2626 871 2648 MD.

157 2668 199 2710 (11Ι
222 2670 251 2701 D
277 2669 301 2700 F
324 2681 330 2700 :
352 2669 396 2701 Hi
420 2678 542 2701 0111003
562 2679 626 2711 per
646 2670 738 2702 Deos
761 2669 963 2702 Machumct
992 2673 1025 2701 et
1048 2669 1225 2710 Terogant
1239 2669 1420 2710 jin-arunt,
1455 2677 1494 2700 se
1518 2669 1671 2701 13101011-

114 2727 186 2758 tem
209 2731 393 2764 uunquam
417 2721 633 2754 deserturos.

1467 2792 1502 2823 10
