1881 3104
821 140 876 147 -
913 116 993 158 146
1027 140 1084 149 -

176 237 236 267 tur
265 232 304 266 in
334 230 544 266 crastinum
577 241 710 266 omnes
742 229 786 265 ad
822 229 956 266 horam
982 230 1159 276 prImam,
1190 229 1254 277 qui
1283 240 1344 265 me
1377 223 1558 277 subs'equi
1585 229 1725 267 velitis.

176 296 326 333 armati.
350 295 494 332 Omnes
519 301 646 331 autem
672 301 934 331 asseveranter
956 294 1194 331 affirmabant
1224 305 1263 331 se
1290 294 1478 341 lubenter,
1500 305 1727 342 quocunque

178 362 345 406 duceret,
370 363 657 398 subsecuturos,

863 783 952 820 CAP.
985 783 1060 821 XI.

608 909 740 953 Pugna
763 910 861 943 inter
891 909 1049 943 Francos
1069 911 1100 943 el
1131 909 1308 945 Saxones.

239 1057 416 1098 Flovent,
451 1054 520 1090 sub
554 1059 680 1089 ortum
701 1053 806 1097 solis,
843 1052 948 1087 mille
976 1058 1014 1087 et
1041 1053 1232 1088 sexcentis
1258 1050 1319 1102 (a)v
1346 1052 1537 1099 equitibus
1567 1053 1740 1100 stipatus.

187 1123 310 1170 iisque
342 1119 521 1157 omnihus
555 1118 601 1154 ad
629 1129 797 1164 pugnam
817 1117 915 1153 bene
935 1119 1132 1153 instructis
1154 1122 1255 1153 recta
1274 1128 1295 1152 a
1322 1117 1476 1153 Lutetia
1507 1117 1743 1154 Parisiorum

182 1187 401 1224 Corbolium
433 1184 567 1221 tendit.
591 1183 817 1219 Floventem
838 1193 926 1218 vero
948 1189 1035 1218 ante
1066 1182 1230 1218 reditum
1263 1182 1503 1229 aliquantum
1524 1183 1679 1219 horrere
1698 1182 1744 1218 ad

183 1255 383 1289 veritatem
403 1251 562 1297 pronius
591 1255 649 1284 est
665 1246 738 1298 (b).

237 1318 340 1353 Deus
363 1320 507 1358 autem,
539 1315 601 1361 qui
634 1312 792 1348 ardente
812 1312 963 1348 fornace
986 1317 1061 1348 tres
1081 1322 1232 1359 pueros,
1258 1311 1474 1348 Sosannam
1494 1313 1588 1349 falso
1615 1314 1745 1349 senio-

184 1395 269 1418 rum
300 1382 476 1427 crimine,
512 1390 585 1416 nec
621 1389 701 1414 non
734 1377 938 1413 Danielem
967 1377 1076 1413 fovea
1114 1377 1271 1413 leonum
1297 1377 1488 1422 liberavit,
1519 1377 1746 1413 Floventem

183 1449 254 1483 bac
290 1449 328 1482 in
355 1445 596 1493 expeditione
631 1444 864 1479 incolumem
897 1447 1111 1486 conservet,
1144 1453 1192 1478 ne
1228 1444 1309 1478 acie
1342 1442 1463 1486 cadat,
1497 1448 1562 1479 aut
1588 1443 1746 1478 herbam

182 1513 368 1561 porrigat.

238 1577 465 1623 Archiregis
497 1576 599 1611 filius
635 1574 811 1611 Corbuan
845 1572 888 1615 (c)
929 1584 1042 1608 mane
1062 1572 1342 1619 expergiscens,
1380 1574 1527 1619 equites
1545 1583 1651 1608 arma
1687 1582 1747 1608 ca—

183 1654 337 1692 pessere
370 1648 407 1678 et
428 1641 610 1688 subsequi
627 1640 748 1687 jubet,
772 1644 809 1675 et
843 1641 927 1675 sine
947 1649 1056 1674 mora
1087 1638 1219 1674 decem
1235 1638 1407 1685 equitum
1432 1638 1552 1673 millia
1575 1636 1628 1685 (d)
1659 1637 1748 1673 Cor-

183 1710 287 1745 huiio
317 1707 633 1755 proficiscuntur.
681 1705 815 1751 Longa
835 1704 980 1740 emensi
1015 1703 1153 1739 itinera
1173 1701 1218 1752 (e)
1254 1705 1306 1748 (p.
1333 1700 1398 1751 50)
1420 1704 1548 1749 copias
1578 1702 1651 1737 sibi
1680 1712 1748 1738 oc-

185 1779 381 1811 currentes
421 1771 677 1818 conspiciunt.
726 1770 826 1814 Huc,
870 1770 1010 1816 inquit,
1052 1769 1150 1804 filius
1184 1768 1315 1814 Regis,
1357 1767 1478 1804 tendit
1514 1767 1750 1803 Francorum

185 1839 389 1881 exercitus,
414 1837 477 1873 hic
502 1847 653 1883 quoque
684 1835 951 1879 subsistemus,
981 1845 1071 1870 nam
1091 1833 1264 1880 praelium
1288 1838 1346 1869 est
1367 1835 1408 1868 in
1429 1832 1654 1870 cervicibus,
1675 1831 1750 1868 Ita-

186 1916 259 1952 que
278 1910 358 1940 tres
380 1904 526 1950 equites
551 1901 754 1937 alacriores
775 1900 821 1936 ad
841 1900 995 1936 Patrem
1016 1899 1168 1945 reverti,
1199 1899 1310 1945 eique
1329 1898 1412 1934 haec
1432 1897 1657 1933 denuntiare
1673 1897 1752 1944 jus-

187 1971 261 2012 sit;
298 1980 368 2005 nos
390 1969 559 2011 interim,
586 1967 725 2014 inquit,
749 1966 810 2001 hic
839 1972 1136 2009 coinmoranteS‚
1163 1965 1284 2000 aciem
1309 1964 1559 2007 instruemus,
1581 1963 1750 1998 Francos

187 2036 397 2081 excepturi.
421 2033 596 2076 Florent,
622 2031 820 2068 Saxonum
850 2032 1017 2066 exercitu
1049 2030 1224 2065 cominus
1253 2034 1463 2076 perspecto5
1489 2039 1578 2064 suos
1607 2026 1750 2063 adhor—

190 2107 289 2137 tatur
318 2111 326 2136 ι
351 2100 496 2142 Primo,
521 2097 660 2145 inquit,
685 2098 831 2143 impetu
852 2107 920 2131 vos
940 2094 1143 2142 pugnando
1163 2099 1339 2140 praestate
1359 2095 1565 2129 acerrimos
1589 2105 1597 2127 ;
1623 2096 1751 2127 cavete

190 2178 237 2202 ne
267 2164 541 2212 disjungamini
567 2173 575 2198 :
600 2164 752 2199 hostem
775 2162 959 2209 gregatim
980 2159 1163 2196 invadite.

244 2230 490 2267 Confirmatis
515 2229 560 2264 ab
586 2234 747 2275 utraque
768 2233 872 2274 parte
893 2226 1060 2262 militum
1081 2225 1233 2268 animis,
1258 2224 1305 2260 ad
1325 2235 1432 2260 arma
1451 2223 1690 2265 discurritur,
1715 2228 1751 2258 et

191 2297 357 2332 multum
383 2296 582 2341 sanguinis
614 2293 835 2329 effunditur.

241 2361 372 2396 Primo
393 2359 560 2395 Flovent
577 2359 791 2405 principem
806 2357 995 2404 quendam
1012 2357 1212 2393 loricatum
1224 2355 1405 2392 dissecuit
1420 2353 1484 2405 (f),
1499 2365 1631 2391 verum
1649 2352 1751 2390 Otun

232 2494 275 2525 fa)
297 2493 356 2524 Sic
377 2493 405 2524 B
429 2494 464 2524 et
487 2491 534 2525 C:
563 2491 626 2523 sed
643 2491 674 2521 A
698 2502 704 2521 z
732 2498 808 2521 MCC.
835 2491 869 2521 et
894 2489 922 2520 D
946 2489 996 2520 F:
1021 2499 1081 2522 Mo.

232 2551 276 2583 h)
301 2552 349 2583 D:
371 2551 519 2582 Flovent
542 2551 643 2582 hunc
666 2550 702 2581 in
721 2548 866 2580 modum
886 2550 1051 2588 precatus
1073 2550 1136 2580 est.
1161 2547 1188 2578 F
1211 2547 1318 2579 adicit
1337 2547 1428 2589 Mag.
1449 2546 1586 2578 Simon.

229 2606 271 2642 (c)
298 2603 506 2635 Cordaban.
529 2603 554 2635 C
578 2603 608 2635 D
631 2602 658 2634 F
681 2616 688 2633 z
715 2600 919 2634 Cordubam.

228 2654 282 2695 (d)
308 2656 364 2688 Sic
387 2657 414 2687 B
436 2660 470 2688 et
493 2656 540 2693 C;
569 2656 632 2688 sed
654 2656 686 2687 A
708 2655 736 2687 D
761 2654 787 2685 F
813 2666 818 2685 :
840 2662 905 2685 3131.

235 2711 278 2747 (ei
302 2709 327 2739 F
350 2721 355 2738 :
377 2719 487 2741 unum
508 2709 674 2741 milliare.

243 2761 280 2802 fs)
300 2762 325 2792 F
350 2773 356 2792 :
378 2762 522 2794 nomine
546 2762 678 2794 Fanue.

377 2814 389 2828 Q
