1881 3104
788 84 1021 124 ,ῃ-

183 194 395 234 Eumdem
415 193 551 244 igitur
581 193 843 232 narrationis
870 197 1065 232 tenorem
1092 192 1136 231 in
1167 195 1353 244 utroque
1382 198 1499 232 textu
1531 194 1683 232 habes.

131 259 208 302 Sin
229 262 377 297 autem
387 257 561 309 singula
573 257 934 305 consideraveris,
958 257 1156 308 quaedam
1172 257 1216 295 in
1230 257 1299 296 isl.
1322 260 1441 296 textu
1457 258 1599 296 afferri
1613 263 1686 297 aut

132 323 272 363 omitti
301 334 396 373 quae
420 334 507 361 non
531 323 589 361 ita
617 322 660 361 in
689 322 779 361 ital.
804 323 863 362 Ut
891 322 1151 374 gravissima
1172 322 1301 361 modo
1322 322 1526 369 indicem,
1548 322 1591 360 in
1612 323 1681 361 isl.

129 389 242 428 inter
262 388 543 439 pugnandum
565 400 589 426 a
614 387 867 427 Sarracenis
897 387 1158 426 interficitur
1187 387 1453 426 Francorum
1484 401 1559 426 rex
1585 387 1684 426 Flo-

132 466 249 501 rens,
274 453 356 502 cui,
379 454 514 492 relata
539 454 591 492 de
613 453 779 492 Salatre
800 453 996 499 victoria,
1017 453 1214 492 succedit
1234 452 1436 500 Flovens,
1460 452 1684 492 Marsihil—

129 519 302 569 lamque
337 531 515 557 uxorem
545 518 665 557 ducit
700 523 742 557 et
772 518 1029 558 Marsibillae
1061 517 1204 556 socias
1238 518 1472 557 Fausetam
1507 517 1683 561 Othuni,

128 583 483 633 Florentiamque
520 583 716 622 Jofreido
754 595 913 622 uxores
953 583 1038 621 dat.
1083 582 1146 620 De
1183 582 1302 633 regis
1342 582 1559 621 Florentis
1600 581 1685 619 filia

128 660 224 698 quae
245 647 499 687 Floventem
520 648 704 692 amabat,
727 651 774 687 ut
796 648 1096 699 supradictum
1121 650 1187 686 est
1209 647 1237 694 1,
1257 651 1369 686 tacet
1390 652 1556 686 auctor.

147 754 150 755 ⁷
183 712 232 752 In
259 713 348 752 ital.
372 713 498 751 aliter
515 725 587 751 res
610 724 709 751 sese
728 713 902 751 habent.
928 712 1106 751 Devicto
1131 711 1312 759 Salatre,
1336 712 1499 750 Fiovus
1521 712 1683 751 Marsi-

127 776 275 816 billam
298 789 477 815 uxorem
496 777 638 823 ducit;
666 780 932 828 quapropter
958 777 1096 815 iratus
1119 789 1194 814 rex
1220 776 1501 824 Francorum,
1525 777 1684 828 quippe

127 841 200 892 qui
223 853 313 880 suae
336 841 434 880 filiae
455 841 598 880 virum
619 841 802 880 Fiovum
833 844 1053 892 speraret,
1078 843 1284 891 Juvenem
1315 853 1483 880 veneno
1513 842 1683 880 auferre

127 908 276 945 tentat.
301 905 388 944 Res
412 917 509 944 cum
531 905 642 944 male
670 905 984 952 successisset,
1009 917 1107 944 eum
1134 906 1344 945 interimit
1364 905 1548 953 Fiovus,
1573 910 1683 945 natzr

127 973 270 1008 autem
306 970 478 1009 veniam
517 970 589 1008 dat
626 982 755 1020 quam
790 969 1042 1021 Moguntia,
1079 970 1238 1017 Scotia,
1263 971 1449 1018 Irlanda,
1483 971 1681 1010 Flandria

126 1034 447 1084 Brabantiaque
464 1035 665 1073 donatam
682 1047 861 1073 uxorem
877 1035 995 1073 ducit
1010 1036 1209 1086 Ansoigi,
1235 1052 1253 1070 «
1277 1048 1297 1074 e
1322 1036 1364 1074 di
1387 1036 1523 1074 costei
1543 1049 1682 1086 naque

126 1100 168 1138 la
193 1099 336 1151 giesta
359 1099 427 1138 dei
465 1099 677 1147 traditori,
711 1099 775 1138 cio
810 1100 856 1138 fu
888 1099 1122 1139 Ganellone
1154 1100 1197 1139 di
1217 1100 1432 1152 Maganza
1453 1113 1474 1139 e
1497 1101 1594 1139 suoi
1617 1101 1684 1140 di-

129 1163 384 1203 sciendenti.
411 1180 430 1199 »

181 1229 260 1268 Hic
279 1232 460 1280 apparet
481 1242 610 1280 quem
633 1229 717 1268 sibi
740 1230 1021 1281 proposuerit
1040 1230 1170 1268 finem
1192 1230 1396 1268 italianus
1433 1234 1584 1269 auctor
1611 1231 1683 1280 qui

129 1295 302 1342 seriem,
325 1301 473 1345 (sestam
502 1295 795 1346 proditorum,
821 1300 867 1334 ut
885 1296 998 1346 apud
1020 1295 1220 1334 italianos
1245 1295 1484 1346 scriptores
1506 1295 1683 1334 solitum

129 1364 210 1406 est,
236 1373 257 1398 e
282 1364 409 1411 gente
431 1361 719 1412 Moguntiana
740 1361 871 1400 trahit
890 1362 920 1400 9.

181 1425 305 1463 Alter
331 1425 466 1464 codex
496 1438 625 1476 quem
649 1426 903 1478 parisiensem
932 1425 1128 1464 dicemus
1151 1425 1210 1476 (in
1232 1424 1504 1463 Bibliotheca
1531 1425 1682 1464 Natio—

128 1490 213 1528 nali
246 1490 431 1529 Parisiis
461 1492 744 1542 asservatur),
776 1491 856 1529 fuit
879 1503 988 1529 anno
1013 1491 1115 1528 1873
1137 1503 1159 1528 a
1181 1490 1420 1541 bibliopola
1441 1489 1682 1528 Parisiensi

132 1554 246 1593 Tross
266 1558 427 1594 nostrae
450 1555 726 1594 bibliothecae
742 1555 960 1594 venditus.
984 1555 1250 1594 Chartaceus
1273 1558 1353 1601 est,
1378 1567 1538 1605 parvus
1560 1555 1679 1595 in-40.

130 1620 354 1671 sexaginta
391 1620 508 1658 foliis
545 1623 766 1659 constans.
805 1619 906 1658 Fuit
943 1620 1010 1658 die
1046 1620 1215 1658 decimo
1249 1619 1538 1670 Septembris,
1571 1631 1682 1658 anno

131 1697 180 1723 M.
205 1696 322 1723 cccc.
346 1697 464 1724 van
488 1688 689 1724 exaratus
711 1686 740 1731 3,
766 1688 812 1724 ut
833 1697 910 1736 per
930 1686 1121 1724 notulam
1139 1686 1191 1723 ad
1211 1685 1371 1723 calcem
1394 1684 1602 1735 scriptam
1617 1684 1682 1723 vi-

132 1751 234 1790 dere
256 1754 336 1797 est,
363 1766 382 1785 «
413 1751 456 1788 in
485 1751 526 1789 la
551 1751 710 1789 roccha
732 1750 783 1788 de
814 1750 951 1789 Ponte
980 1751 1081 1801 vigo
1103 1766 1139 1797 »,
1164 1750 1206 1789 id
1236 1753 1317 1797 est,
1337 1750 1379 1787 in
1402 1750 1579 1788 castello
1599 1749 1681 1787 vici

129 1815 267 1854 Ponte
298 1815 399 1867 vigo
436 1816 553 1854 dicti.
590 1815 693 1854 Inde
729 1815 931 1865 colligere
964 1815 1065 1854 licet
1105 1815 1260 1854 scribae
1301 1815 1531 1865 quusdam
1571 1826 1681 1864 opus

131 1892 231 1920 esse
260 1880 333 1931 qui
355 1881 469 1931 apud
494 1880 730 1919 Dominum
759 1880 809 1918 de
842 1880 978 1918 Ponte
1000 1880 1101 1931 vigo
1128 1879 1321 1919 officium
1349 1891 1479 1918 suum
1509 1891 1683 1917 exerce-

130 1946 217 1985 bat.
238 1946 375 1985 Ponte
396 1945 497 1996 vigo
521 1950 588 1984 est
607 1945 730 1984 vicus
753 1945 827 1996 qui
850 1957 925 1983 sex
945 1946 1013 1984 vel
1035 1949 1130 1984 octo
1152 1946 1298 1984 leucas
1321 1957 1344 1983 a
1367 1943 1512 1983 Brixia
1533 1943 1679 1985 distat,

132 2012 185 2050 ad
219 2011 444 2050 meridiem
478 2015 520 2050 et
552 2011 761 2050 orientem
806 2010 990 2060 huJusce
1026 2010 1238 2056 civitatis,
1274 2010 1386 2048 inter
1425 2009 1682 2048 Cremonam

133 2076 460 2127 Mantuamque,
502 2076 545 2115 in
583 2076 744 2114 finibus
784 2075 1099 2126 Longobardiae
1138 2078 1179 2113 et
1214 2074 1423 2121 Venetiae,
1466 2084 1682 2124 quemque

132 2139 353 2180 transfluit
372 2141 532 2180 fluvius
556 2141 696 2191 Oglio.
951 2184 955 2186 q

186 2205 359 2246 Codicis
380 2205 510 2244 istius
531 2208 675 2245 textus
697 2206 740 2245 in
763 2210 850 2244 tres
872 2208 1018 2257 partes
1040 2205 1172 2243 dividi
1198 2208 1357 2255 potest.

187 2271 296 2310 Pars
322 2271 474 2322 prima,
498 2271 601 2310 folia
622 2274 639 2310 1
663 2285 685 2310 a
709 2275 751 2310 et
775 2271 809 2318 b,
836 2275 877 2310 et
897 2274 919 2309 2
940 2284 963 2309 (ι
986 2271 1077 2321 [sex
1094 2270 1221 2309 lineis
1237 2269 1444 2321 exceptis)
1467 2282 1683 2309 summam

137 2335 331 2374 historiae
353 2335 475 2374 Fiovi
497 2336 687 2375 continet
717 2348 846 2386 quam
875 2336 916 2373 in
949 2335 1149 2386 capitulis
1173 2348 1277 2373 1-xv1
1299 2335 1472 2386 exponit
1493 2336 1683 2386 Rajnen-

139 2400 201 2439 sis
228 2400 480 2439 Fz'oravantis
506 2400 631 2438 liber.
663 2400 771 2439 Pars
801 2400 1005 2446 secunda,
1027 2412 1051 2438 a
1070 2399 1173 2438 folio
1194 2402 1218 2438 2
1237 2412 1260 2438 α
1282 2398 1350 2451 (ad
1373 2400 1517 2450 tinem)
1544 2411 1684 2449 usque

140 2465 193 2503 ad
226 2464 417 2503 medium
450 2464 523 2503 fol.
556 2466 605 2502 55
641 2465 676 2512 b,
707 2477 805 2503 cum
837 2464 1004 2515 reliqua
1032 2464 1267 2515 Rajnensis
1299 2465 1553 2504 Fae'oravantz's
1584 2464 1684 2503 libri

183 2619 211 2650 1.
236 2618 277 2650 P.
301 2618 353 2649 66.
374 2637 410 2641 -
431 2619 462 2650 2.
484 2617 574 2650 Vide
595 2618 699 2654 infra,
720 2628 754 2660 p.
777 2619 827 2650 78.

182 2671 213 2703 3.
239 2670 356 2704 Codex
373 2671 595 2702 Fioravantis
618 2670 881 2702 Laurentianus
901 2669 1041 2701 circiter
1061 2669 1106 2701 ad
1126 2669 1162 2700 id
1182 2672 1323 2709 tempus
1347 2667 1505 2709 scriptus
1535 2668 1604 2699 est:
1622 2677 1642 2696 κ
1663 2667 1685 2697 il

146 2723 181 2755 di
198 2733 234 2756 xi
254 2724 288 2756 di
309 2723 501 2756 novembre
521 2724 578 2755 nel
602 2724 685 2755 mile
709 2725 940 2764 quatrocento
961 2727 1100 2755 selanta
1126 2721 1194 2753 due
1217 2733 1236 2751 »
1256 2722 1396 2763 (Rajna,
1424 2719 1598 2761 Ricerclie,
1618 2718 1686 2760 23).
