1881 3104
93 268 294 316 Farnagu
330 277 354 302 a
388 263 644 301 Fioravante
679 270 790 308 equo
824 257 1100 308 dejiceretur,
1134 255 1179 292 in
1205 254 1415 293 victorem
1449 255 1580 291 ruunt
1601 255 1641 290 et

91 332 286 371 vinctum
305 340 402 368 cum
421 326 566 378 puella
587 324 808 363 abduCunt
825 321 1091 374 (xxm-xxm).

147 394 370 434 Palatinus
406 394 550 430 autem
586 388 786 427 Re'ccz'erzts
816 387 1025 438 (Bz'ccz‘erz'),
1062 383 1309 424 Fioravanti
1336 381 1644 429 amicissimus,

61 443 302 499 'exsulare'
339 468 437 496 eum
483 466 616 505 quum
656 451 911 499 audivisset,
957 450 1108 502 regina
1153 450 1352 488 hortante
1399 450 1441 484 et
1484 446 1646 497 gratias

94 526 264 575 agente,
298 521 520 573 profectus
555 522 622 557 est
652 517 955 556 Fioravantem
982 515 1263 566 quaesiturus.
1286 514 1325 551 A
1345 511 1495 562 regina
1517 511 1649 561 magi-

93 600 187 627 cam
205 587 384 625 herbam
407 596 501 635 quae
521 584 702 622 vulnera
725 584 892 620 arceret
913 580 1090 631 aceepit.
1115 580 1229 618 Dum
1244 577 1421 628 equitat.
1445 576 1647 615 Sarrace-

94 665 199 691 num
228 651 347 690 videt
381 661 486 689 suos
535 647 679 687 500105
723 659 747 684 a
792 646 1048 684 Fioravante
1090 643 1260 683 occisos
1295 643 1532 693 lugentem.
1566 640 1645 688 Qui

95 717 452 767 interrogantem,
489 713 563 752 ubi
600 711 873 750 Fioravantis
901 710 1087 749 amicum
1118 720 1217 747 esse
1246 706 1436 758 agnovit,
1473 717 1651 756 aggres-

96 793 189 826 sus,
231 793 255 818 a
287 779 484 818 Ricciero
519 775 792 815 interficitur.
824 775 912 813 lter
942 773 1097 813 deinde
1131 772 1287 823 pergit,
1322 775 1363 809 et
1393 771 1578 809 amicum
1608 769 1651 808 in

95 845 272 884 castello
297 844 350 883 ad
373 843 617 882 columnam
649 840 888 891 obligatum
917 842 960 877 et
990 851 1014 876 a
1035 838 1223 888 quinque
1246 835 1498 875 Sarracenis
1524 835 1652 874 haeu-

95 910 150 949 115
170 920 432 961 percussum
454 910 497 945 et
516 907 601 944 alta
617 917 722 944 voce
746 905 1018 948 clamantem,
1032 903 1175 941 Uliam
1189 905 1333 940 autem
1351 901 1649 939 lacrimantem

97 975 364 1026 prospectat.
402 972 452 1011 In
488 972 752 1011 Sarracenos
774 970 986 1020 impetum
1008 968 1111 1007 facit
1128 972 1171 1006 et
1189 967 1376 1006 amicum
1398 969 1440 1005 et
1460 967 1648 1017 puellam

95 1039 253 1077 liberat
276 1037 401 1090 (xxxv)
415 1069 423 1076 .

149 1103 292 1151 Quum
334 1102 581 1152 equitarent
620 1100 895 1139 Dardennam
937 1110 1109 1143 versus,
1142 1098 1187 1135 in
1213 1109 1450 1148 cauponam
1490 1096 1650 1134 intrant

97 1170 224 1218 qu'us
258 1168 390 1205 herus
428 1178 502 1217 per
535 1165 771 1204 somnifera
806 1163 1121 1202 medicamenta
1151 1161 1320 1213 sopitos
1342 1160 1587 1200 Riccierum
1609 1164 1651 1199 et

98 1232 401 1271 Fioravantem
433 1231 566 1270 armis
598 1234 639 1268 et
673 1229 873 1269 vestibus
912 1227 1128 1278 despoliat
1161 1230 1203 1265 et
1241 1227 1429 1278 puellam
1457 1225 1647 1272 abducit,

100 1296 246 1335 civim
267 1296 484 1334 illaturus.
509 1295 593 1334 Sed
616 1307 715 1332 mox
736 1306 757 1332 e
780 1306 933 1332 somno
951 1293 1091 1339 exciti,
1117 1303 1355 1343 cauponem
1378 1304 1651 1341 prosequun-

100 1364 183 1406 tur,
228 1364 282 1407 et,
320 1360 549 1411 adjuvante
592 1359 704 1405 Ulia⁷
747 1358 1016 1396 interimunt.
1056 1358 1166 1396 Dein
1202 1356 1254 1395 ad
1287 1368 1435 1406 regem
1471 1356 1649 1394 Fe'ore‘ecm

100 1425 282 1464 tendunt
316 1424 369 1463 ad
405 1437 533 1475 quem
564 1424 696 1461 filiam
730 1423 956 1461 reducunt.
981 1422 1237 1472 Quanquam
1273 1420 1437 1459 Tc'balclo
1471 1420 1515 1458 (le'
1544 1421 1652 1459 Lz'me

102 1490 220 1541 regis
255 1489 484 1529 siniscalco
519 1500 740 1539 sponsam,
776 1488 885 1525 hanc
916 1486 1161 1525 Fioravanti
1184 1498 1361 1524 uxorem
1397 1485 1523 1524 offert
1552 1485 1651 1525 Fio—

102 1554 208 1601 rius,
233 1554 311 1592 sed
335 1554 572 1592 Fioravans
594 1556 761 1603 patrem
781 1552 978 1591 hortatur
999 1555 1046 1590 ut
1066 1555 1162 1589 ante
1195 1550 1339 1589 omnia
1373 1562 1418 1588 50
1451 1563 1474 1588 a
1505 1550 1653 1589 Sarra-

100 1618 219 1657 eenis
240 1618 397 1657 liberet
417 1621 698 1664 (XXVXXYHI).

154 1683 251 1722 Filii
273 1686 417 1721 autem
450 1682 597 1727 Fiorii,
622 1682 755 1719 Lione
778 1685 819 1719 et.
844 1681 1052 1727 Lionello,
1079 1679 1410 1730 stipendiarium
1447 1680 1655 1719 advenam

99 1747 312 1786 maximos
335 1747 387 1785 ad
408 1747 597 1785 honores
620 1746 818 1789 accitum,
843 1758 889 1784 sc
917 1748 1062 1784 autem
1093 1745 1210 1795 regis
1238 1744 1351 1783 filios
1386 1745 1657 1796 posthabitos

101 1811 326 1863 indignati,
361 1811 667 1862 proditionem,
693 1823 821 1860 (mam
855 1810 1105 1861 suspicatur
1125 1809 1350 1850 Tibaldus.
1375 1810 1654 1849 meditantur.

103 1876 363 1916 Galeranum
419 1875 553 1926 igitur
606 1875 916 1925 Balantemque
973 1874 1146 1920 adeunt,
1198 1873 1521 1924 christianaque
1573 1874 1655 1913 fido

104 1945 243 1988 exuta,
286 1941 639 1980 Mahumetanam
690 1940 962 1990 profitentur,
1011 1944 1051 1977 01
1103 1951 1201 1977 mox
1235 1940 1461 1978 castellum
1506 1952 1529 1977 a
1561 1939 1659 1978 Ric-

105 2007 246 2053 ciero,
290 2005 547 2044 Fioravante
586 2006 855 2055 Tibaldoque
899 2010 1156 2055 occupatum
1196 2004 1238 2042 in
1267 2016 1422 2042 manus
1456 2002 1656 2042 Galcrani

102 2070 382 2120 Balantisque
415 2070 604 2109 tradunt..
642 2070 876 2109 Fiorax'ans
914 2070 1224 2119 Riccierusque
1262 2069 1491 2119 capiuntur
1525 2068 1657 2120 (xxm-

104 2135 253 2186 xxxii).

159 2199 327 2250 Captivi
346 2200 574 2239 amborum
602 2213 754 2251 regum
783 2200 970 2247 filiabus2
995 2203 1043 2239 ut
1072 2212 1168 2238 mos
1191 2202 1278 2244 est,
1313 2199 1656 2243 committuntur,

108 2264 311 2304 Galercznoe
343 2265 509 2304 scilicet
530 2268 572 2304 et
604 2265 864 2316 Drchiolz'iza’,
901 2277 1007 2315 quas
1042 2277 1141 2303 mox
1162 2264 1365 2303 misertas
1390 2264 1657 2302 Fioravantis

103 2329 237 2368 intrat
269 2342 413 2377 amor3
449 2330 524 2368 uhi
555 2331 822 2381 Drugiolinae
855 2330 991 2369 amori
1029 2342 1075 2369 50
1118 2330 1385 2380 respondere
1424 2328 1660 2367 declaravit

107 2394 361 2441 Fioravans,
386 2395 532 2433 dolore
554 2395 666 2446 perit
682 2395 907 2434 Galerana.
925 2395 1034 2434 Tum
1057 2394 1326 2445 Drugiollnae
1346 2406 1391 2433 50
1412 2406 1510 2432 0550
1530 2393 1659 2431 Fran-

107 2460 182 2499 ciae
224 2460 342 2511 regis
388 2459 525 2498 filium
575 2460 817 2505 confitetur,
868 2461 1096 2512 puellaque
1134 2473 1155 2498 e
1203 2472 1375 2499 carc-ere
1422 2462 1658 2497 amatorem

110 2524 445 2575 Riccierumque
465 2525 650 2564 liberare
676 2525 828 2564 statuit
849 2525 1022 2578 (xxxm).

161 2589 333 2628 Interea
361 2589 570 2629 Tibaldus
603 2591 696 2641 regi
735 2591 976 2630 Dardennae
1011 2590 1124 2629 filios
1160 2590 1414 2641 proditores
1441 2594 1484 2628 et
1511 2589 1660 2628 Fiora-

108 2657 280 2693 vantem
314 2654 647 2706 Riccierumque
690 2656 884 2707 captivos
919 2668 1017 2695 esse
1048 2654 1277 2694 nuntiavit.
1307 2654 1481 2693 Fiorius
1516 2655 1661 2693 Tibal-

111 2719 214 2757 dum
247 2719 299 2758 ad
321 2720 499 2758 fratrem
529 2720 720 2760 Franciae
739 2733 888 2772 regem
905 2724 953 2760 ut
969 2721 1106 2759 filium
1123 2720 1429 2758 Fioravantem
1447 2723 1591 2758 servet
1622 2723 1660 2758 et

114 2782 167 2821 ad
188 2795 343 2834 papam
360 2787 407 2822 ut
425 2785 508 2824 sibi
530 2785 761 2825 auxilietur
780 2785 938 2833 mit-tit;
963 2788 1003 2824 et
1023 2797 1134 2836 papa
1157 2797 1255 2824 eum
1284 2797 1368 2823 Lxx
1388 2785 1596 2831 millibus,
1622 2789 1664 2823 et
