1881 3104
853 132 1119 172 -148—

203 246 380 283 Corbuan
405 247 469 294 qui
489 247 603 294 probe
622 248 729 283 illum
742 249 933 295 cognovit,
950 253 1099 284 scutum
1118 248 1375 296 habuit7quod
1396 247 1554 296 pellibus
1576 247 1622 283 ad
1638 254 1757 291 extra,

204 312 355 349 ossibus
377 319 504 348 autem
524 312 779 359 elephantinis
817 313 863 349 ad
891 315 991 350 intra
1019 313 1227 349 obductum
1250 312 1305 363 (p.
1336 315 1398 363 52)
1434 313 1761 358 conglutinatum·

202 389 292 424 que,
319 380 524 414 marmoris
544 378 722 413 duritiem
745 380 953 425 superavit.
976 379 1050 415 Hic
1067 387 1216 415 scutum
1239 385 1425 427 quantum
1441 380 1582 425 potuit,
1607 379 1761 415 brachio

206 447 380 485 extenso,
421 443 586 486 tenebat,
624 443 822 479 Florentis
853 444 994 480 ferrum
1033 445 1224 480 succutire
1249 450 1431 486 conatus;
1465 443 1612 489 gladius
1633 450 1761 479 autem

203 518 273 542 nec
301 507 424 553 frangi
446 518 516 543 nec
536 508 723 543 removeri
748 509 885 554 potuit,
909 510 998 556 quia
1018 515 1169 545 scutum
1198 515 1234 544 et
1260 509 1419 544 loricam
1446 508 1491 543 ab
1521 509 1632 544 axilla
1659 508 1765 544 deor-

203 583 309 616 sum,
357 582 515 618 corpore
551 578 678 608 tamen
726 573 859 618 illaeso,
895 574 1110 616 dilaniavit;
1149 573 1249 620 quod
1282 584 1369 609 cum
1407 572 1608 608 Corduban
1639 574 1764 620 perci-

199 641 320 682 peret,
347 635 387 672 in
406 636 488 672 haec
503 637 615 673 verba
637 639 803 684 erumpit
825 649 832 673 1
854 637 921 673 Vir
937 638 1245 684 incomparabilis
1262 644 1332 681 est,
1357 644 1393 673 et
1413 638 1444 674 si
1459 637 1602 674 diutius
1623 649 1762 680 morer,

204 702 360 738 moriar.
394 701 493 737 Tum
525 702 702 738 Corbuan
723 703 824 739 illico
855 714 1065 750 omnesque
1086 702 1272 748 Saxones,
1296 705 1433 739 timore
1457 703 1638 750 perculsi,
1673 703 1762 749 fuga

205 765 368 801 salutem
404 766 585 813 petebant
618 765 690 817 (0).

880 1187 967 1226 CAP.
1002 1188 1096 1226 XII.

514 1313 761 1348 Continzcczlur
775 1314 912 1370 ⁴bellum
934 1315 1030 1348 inter
1053 1315 1216 1350 Francos
1237 1317 1269 1348 el
1288 1314 1462 1352 Samues.

250 1455 338 1490 Jam
359 1455 405 1491 ad
433 1454 699 1503 Archiregem,
724 1468 973 1505 cursoresque
992 1458 1073 1494 haec
1098 1459 1131 1494 ei
1154 1459 1380 1500 indicantes,
1405 1464 1653 1494 revertamur.
1687 1457 1762 1501 Qui

197 1520 258 1555 his
273 1519 427 1561 auditis,
452 1522 647 1567 speculam
667 1522 852 1565 ascendit,
875 1524 1143 1570 prospexitque
1165 1524 1286 1559 filium
1302 1535 1323 1559 a
1342 1524 1424 1560 viro
1445 1523 1608 1571 quodam
1629 1534 1759 1570 perse-

197 1590 328 1621 cutum
347 1591 383 1620 et
403 1585 479 1621 fere
498 1587 577 1632 jam
593 1593 743 1634 captum
766 1599 917 1623 summo
937 1588 974 1623 in
994 1587 1216 1624 discrimine
1238 1591 1394 1635 versari,
1420 1589 1704 1635 exercitumque
1721 1589 1761 1624 in

194 1650 323 1697 fugam
345 1661 383 1685 se
403 1656 618 1697 penetrare.
642 1652 726 1689 Rex
747 1657 854 1688 omni
875 1653 1119 1688 festinatione
1139 1664 1346 1700 properans
1367 1654 1571 1689 classicum
1608 1643 1757 1696 cauere,

195 1717 342 1762 equites
365 1727 471 1751 arma
493 1727 702 1764 capessere,
730 1718 939 1765 hostilique
970 1718 1155 1753 exercitui
1185 1729 1382 1754 occurrere
1401 1717 1531 1764 jubet;
1559 1717 1638 1764 ipse
1670 1729 1759 1753 vero

192 1788 396 1817 armaturae
431 1783 650 1829 negligens,
684 1783 842 1819 inermis
871 1794 1012 1831 equum
1040 1787 1087 1826 (a)
1116 1782 1302 1826 ascendit,
1341 1793 1505 1829 eumque
1538 1781 1669 1817 decem
1705 1782 1755 1831 (b)

194 1848 341 1893 equites
374 1847 557 1893 singulari
590 1848 725 1884 robore
761 1848 1030 1895 sequebantur.
1054 1848 1256 1884 Exercitus
1289 1853 1418 1883 autem
1444 1847 1636 1894 tantisper
1668 1846 1759 1882 dum

193 1920 299 1946 arma
310 1918 474 1957 caperet,
498 1914 702 1959 remansit·7
724 1918 762 1948 at
783 1913 929 1958 fugiens
951 1912 1128 1949 Corbuan
1149 1913 1374 1948 Florentem
1395 1913 1548 1949 strenue
1570 1913 1756 1948 insectan-

193 1980 284 2019 tem,
308 1982 344 2011 et
359 1975 518 2022 jamjam
538 1978 586 2022 (p.
621 1977 681 2026 53)
704 1979 1072 2025 appropinquantem
1099 1979 1276 2024 respexit,
1314 1979 1451 2025 majori
1471 1983 1577 2013 metu
1604 1977 1758 2024 percul-

192 2146 285 2174 terra
308 2143 439 2175 vulnus
463 2145 729 2178 terminaretur.
755 2146 832 2185 Quo
865 2148 941 2179 viso
972 2147 1099 2179 Franci
1132 2148 1200 2180 sibi
1233 2147 1413 2182 timentes,
1443 2145 1624 2178 1⁴'loventis
1656 2154 1759 2186 opem

194 2196 410 2239 implorant]
434 2197 562 2230 Franci
583 2199 788 2241 Apollinem
813 2201 946 2232 auxilio
968 2201 1148 2233 invocant.
1170 2201 1218 2231 At
1241 2200 1389 2232 Flo·:ent
1411 2208 1495 2231 suos
1517 2199 1625 2240 Regis
1647 2199 1758 2230 lilium

190 2252 352 2282 metuere
375 2251 546 2289 sentiens,
576 2252 672 2285 illico
697 2253 852 2290 advolat,
887 2258 922 2287 et
943 2254 1101 2296 gladium
1131 2255 1260 2290 vibrat,
1285 2254 1419 2285 vulnus
1442 2253 1473 2284 ei
1498 2253 1754 2283 intentaturus.

191 2304 307 2339 Quem
337 2305 604 2346 quamprimum
615 2306 723 2348 Regis
741 2307 835 2339 lilius
852 2308 1050 2349 conspexit,
1070 2308 1182 2349 probe
1201 2306 1416 2348 cognovitsF
1435 2305 1536 2338 addit
1552 2315 1561 2336 .·
1576 2304 1755 2346 dixitque:

191 2364 257 2386 cur
275 2356 408 2388 nebulo
428 2358 524 2390 viros
544 2369 642 2391 meos
663 2362 822 2393 necasti?
845 2361 900 2393 his
922 2362 1072 2394 Flovent
1094 2362 1266 2397 irritatus,
1290 2370 1327 2392 se
1346 2359 1469 2392 ulcisci
1491 2358 1628 2400 voluih]

234 2410 276 2447 m)
294 2410 326 2440 A
355 2409 383 2441 D
415 2410 441 2441 F
472 2411 613 2445 addunt
637 2423 648 2445 :
665 2413 791 2446 Franci
810 2415 990 2456 fugientes
1014 2415 1168 2447 insecuti
1193 2418 1286 2450 sunt,
1311 2416 1345 2445 et
1377 2413 1520 2447 multos,
1548 2415 1586 2442 ut
1608 2420 1645 2443 se
1670 2420 1754 2452 pos-
1809 2447 1814 2453 ⁸

192 2464 248 2492 tea
286 2462 514 2500 redimerent,
546 2467 786 2508 captivarunt.
821 2467 891 2499 Sed
923 2468 1074 2500 Flovent
1105 2467 1380 2510 spoliationibus
1415 2465 1603 2503 abstinuit,
1638 2473 1682 2496 ue
1717 2472 1753 2495 SC

190 2520 418 2548 morarentur
437 2527 564 2560 meque
586 2520 681 2551 enim
705 2524 865 2553 mortuos
882 2526 943 2553 aut
959 2522 1100 2554 saucios
1123 2521 1306 2553 denudare
1326 2520 1462 2559 voluit).
1482 2518 1552 2550 Sed
1573 2517 1754 2549 Saxonum

191 2568 419 2609 coryphzeum
437 2573 509 2602 tam
532 2572 643 2604 veloci
667 2582 775 2605 cursu
794 2575 1033 2616 persequitur,
1055 2579 1093 2606 ut
1109 2575 1271 2606 comitari
1286 2574 1451 2615 nequiret
1469 2571 1626 2604 militum
1646 2577 1751 2602 nemo

192 2619 232 2659 [F
255 2620 381 2654 addit:
406 2633 472 2656 nec
493 2626 613 2658 tamen
637 2630 824 2659 assecutus
851 2627 930 2668 estj.

237 2708 284 2747 (a)
306 2708 352 2739 F:
375 2719 506 2752 equum
529 2722 649 2752 suum,
674 2715 790 2748 colore
809 2715 960 2751 fulvum.
985 2717 1130 2748 nomino
1154 2715 1312 2749 Bodran.

234 2765 282 2806 (b)
305 2767 332 2797 F
351 2781 358 2800 ;
379 2770 475 2803 mille
494 2774 690 2814 equitibus.
