1881 3104
818 111 1053 153 —56-

153 223 362 262 Tibaidus
392 225 600 264 auxilium
633 225 751 275 regis
783 225 1024 264 Dardennae
1048 224 1165 263 Fiori
1189 228 1230 263 et
1257 224 1374 275 regis
1397 224 1589 263 Francia:
1612 223 1714 262 Fio-

153 288 248 326 relli
267 291 308 327 et
328 300 450 339 papa}
475 288 596 339 petit.
621 287 869 326 Immensus
891 287 1026 338 igitur
1043 290 1336 339 congregatur
1355 287 1585 334 exereitus,
1603 287 1714 326 duos

156 353 351 404 captivos
382 353 529 392 Baldae
560 353 754 391 inclusos
779 353 1047 392 liberaturus
1067 365 1074 396 ;
1100 366 1177 404 per
1198 352 1500 403 Drugiolinam
1523 355 1564 390 et
1585 352 1713 390 Floo-

154 421 342 465 vantem,
361 417 597 457 Christiani
612 417 895 468 triumphant.
911 418 990 456 Hio
1006 417 1358 468 discrepantital.
1379 420 1420 455 et
1435 417 1535 466 gali.
1552 420 1710 463 textus,

157 484 232 523 sed
268 484 424 522 meiius
464 482 724 522 conveniunt
763 483 865 521 hoii.
904 486 945 521 et
978 483 1084 530 ital.;
1124 495 1221 521 nam
1269 482 1311 520 in
1351 485 1537 531 utroquo
1572 480 1716 531 puella

157 562 254 588 cum
284 549 519 587 Floovante
548 552 827 598 (quamquam
859 548 1019 587 absunt
1040 548 1082 586 in
1105 548 1193 586 ital.
1219 546 1449 585 duodecim
1473 546 1632 591 Duces,
1663 545 1715 584 de

157 614 318 664 quibus
342 614 469 660 infra)
493 613 721 652 obsidetur
741 626 764 651 a
785 613 1061 660 Sarracenis3
1087 613 1128 651 in
1152 615 1338 662 utroque
1372 615 1541 663 portam
1571 622 1716 649 caree-

158 679 220 716 ris
257 678 439 717 amatori
465 678 605 728 aperit
632 681 757 729 cujus
793 679 1004 718 adventus
1037 678 1218 717 dubium
1242 677 1383 716 adhue
1406 688 1562 727 pugnae
1586 687 1715 713 even-

158 747 249 782 tum
272 744 324 782 ad
346 744 574 783 victoriam
595 744 786 783 inclinat.

210 809 295 848 Sed
320 809 491 847 collatio
514 809 626 847 inter
647 809 750 848 hoii.
776 812 816 847 et
838 809 928 848 itai.
951 811 1116 848 textum
1139 808 1311 855 melius,
1337 820 1420 846 non
1443 807 1495 845 de
1518 806 1611 852 hae,
1639 804 1716 843 sed

158 875 209 913 de
248 876 382 913 altera
415 874 688 913 Fioravantis
723 874 934 925 captivate
978 873 1234 912 instituetur
1267 885 1396 923 quarn
1434 874 1580 910 narrat
1616 882 1708 921 cap.

158 954 238 980 mv,
269 940 348 979 Hie
370 940 483 978 enim
507 942 548 978 et
569 939 669 985 iilic,
698 942 742 978 ut
778 952 911 990 supra
930 939 1122 977 vidimus
1145 943 1201 989 (p.
1235 940 1317 984 41),
1351 938 1391 975 in
1415 937 1574 975 castello
1597 935 1717 974 ohsi-

156 1006 284 1045 detur
319 1005 534 1043 Floovans
558 1004 861 1051 (Fioravante),
882 1017 902 1042 e
926 1016 1025 1054 quo,
1051 1004 1221 1042 favente
1236 1003 1354 1053 regis
1379 1002 1480 1048 filia,
1507 1002 1593 1040 exit
1615 1001 1718 1039 dum

156 1070 507 1110 Christianorum
533 1082 603 1108 ros
624 1069 666 1107 in
685 1069 859 1120 ancipiti
880 1073 1126 1108 versantur.

209 1136 271 1174 Ne
301 1135 400 1185 quis
432 1147 535 1173 vero
571 1134 741 1172 dubitet
773 1134 881 1172 hane
904 1133 1073 1171 institui
1111 1145 1241 1183 posse
1270 1131 1559 1179 collationem,
1585 1142 1719 1181 quum

156 1200 344 1239 mediam
389 1200 580 1239 fabulam
619 1200 873 1238 Fiorarantz's
914 1199 1169 1238 deseramus
1206 1201 1248 1237 et.
1293 1211 1313 1236 e
1341 1197 1530 1248 capitulo
1553 1210 1714 1243 xxxvin,

155 1266 335 1305 omissis
363 1265 543 1313 ceteris,
569 1265 715 1304 statim
749 1265 799 1303 ad
824 1277 916 1316 cap.
941 1277 1004 1303 mv
1027 1268 1344 1303 convertamur.
1373 1263 1543 1302 Etenim
1567 1262 1718 1300 Fiora-

152 1331 295 1370 vantis
319 1331 463 1369 fabula
482 1331 525 1369 in
547 1331 655 1369 duas
679 1334 824 1381 partes
844 1330 1076 1368 dividenda
1092 1333 1171 1375 est,
1190 1341 1374 1380 quarum
1393 1341 1477 1367 una
1495 1340 1588 1379 cap.
1611 1340 1719 1366 xvn-

155 1409 217 1442 XL,
244 1396 378 1434 altera
405 1408 497 1446 cap.
538 1408 689 1433 xri-Lxx
713 1395 918 1433 eontinet.
944 1395 1137 1444 Utraque
1160 1393 1275 1432 idem
1298 1394 1387 1431 fere
1411 1396 1719 1443 argumentum

156 1461 304 1507 refert,
343 1465 384 1499 et
422 1461 551 1499 unius
581 1464 622 1499 et
644 1461 843 1511 ejusdem
877 1460 1072 1499 historiae
1109 1464 1314 1510 tanquam
1346 1459 1431 1498 duo
1467 1462 1508 1497 et
1542 1458 1720 1496 minime
1776 1470 1782 1477 ·

157 1526 333 1576 quidem
365 1526 539 1565 diversa
574 1527 770 1579 exempla
800 1529 841 1563 et
870 1525 1204 1563 retractationes
1237 1524 1352 1563 orodi
1375 1526 1577 1575 possunt⁷
1607 1535 1717 1573 quae,

154 1591 334 1629 mutatis
356 1591 576 1630 mutandis
608 1603 692 1641 quo
726 1591 883 1629 melius
914 1590 1025 1628 inter
1054 1602 1099 1628 se
1143 1593 1435 1640 congruerent
1468 1593 1509 1627 et
1539 1589 1720 1639 adapta-

155 1661 319 1703 rentur,
346 1669 424 1708 per
445 1656 636 1695 auctoris
661 1660 811 1701 artem7
826 1655 868 1693 in
890 1667 1024 1693 unum
1045 1657 1309 1705 congregata
1331 1657 1446 1692 sunt.
1465 1653 1589 1701 Quod
1613 1652 1721 1691 satis

158 1722 270 1760 clare
294 1734 344 1759 ex
366 1722 445 1760 hae
467 1722 625 1760 tabella
648 1720 887 1771 apparebit,
905 1719 948 1758 in
982 1731 1066 1770 qua
1097 1719 1315 1769 quomodo
1351 1718 1577 1757 conveniat
1605 1718 1719 1756 inter

157 1799 204 1825 se
226 1790 409 1837 utraque
434 1799 535 1837 pars
559 1786 834 1836 exponimus.

209 1918 419 1953 Fioravans
435 1918 602 1954 Parisios
621 1918 833 1964 relinquere
854 1927 916 1952 eo·
1007 1916 1214 1951 Fioravans
1238 1916 1402 1951 Parisios
1423 1917 1637 1963 relinquere
1659 1926 1721 1951 co-

155 1983 256 2029 gitur
285 1983 331 2019 ob
367 1983 545 2029 injuriam
581 1982 736 2018 Salardo
775 1982 917 2017 illatam
956 1981 1055 2027 gitur
1083 1982 1171 2027 quia
1200 1981 1495 2025 promissionem
1522 1980 1679 2016 Salardo
1699 1991 1721 2015 a

153 2050 273 2095 (xvn).
956 2051 1077 2080 matre
1098 2046 1234 2080 saetam
1256 2045 1412 2092 implere
1447 2045 1573 2080 renuit
1608 2047 1717 2090 (xm).

210 2113 510 2149 Sarracenorum
533 2113 659 2159 copias
680 2112 856 2158 profligat
882 2116 920 2147 et
1009 2110 1054 2145 In
1092 2121 1251 2156 regnum
1282 2110 1453 2145 Balantis
1495 2110 1591 2156 regis
1626 2109 1721 2146 Sar-

157 2178 230 2213 sibi
255 2178 492 2221 Drugiolinae
514 2180 612 2224 regis
638 2178 814 2213 Balantis
834 2177 919 2212 filiae
958 2186 1180 2211 racemorum
1228 2175 1381 2210 advenit
1410 2180 1447 2210 et
1485 2175 1718 2221 Drugiolinze

156 2254 328 2278 amorem
349 2243 649 2287 conciliat(xxx,
675 2245 823 2287 xxxin).
957 2241 1100 2283 oeulos,
1126 2240 1216 2275 dum
1246 2239 1399 2275 Soldani
1430 2240 1557 2286 copias
1590 2240 1720 2286 profli-

957 2311 1032 2352 gat‚
1055 2308 1091 2340 in
1115 2317 1153 2340 se
1175 2307 1363 2341 convertit
1384 2303 1515 2354 (nixi.

208 2373 282 2408 Per
302 2371 558 2419 proditionem
588 2373 735 2416 capitur
767 2378 804 2406 et
842 2370 918 2404 Ba·
1010 2371 1084 2406 Per
1116 2370 1370 2416 proditionem
1404 2372 1550 2416 capitur
1580 2375 1615 2405 et
1643 2369 1720 2405 Ba-

157 2436 252 2471 lanti
275 2436 434 2472 traditur
454 2436 519 2482 qui
547 2434 675 2469 Baldae
700 2435 739 2469 in
773 2445 920 2470 carcere
958 2436 1050 2471 lanti
1085 2435 1243 2470 traditur
1277 2437 1340 2482 qui
1374 2435 1412 2469 in
1440 2445 1588 2470 earcere
1621 2433 1720 2469 Dru-

155 2501 394 2548 Drugiolinae
425 2499 699 2547 ueommissum
763 2499 921 2534 includit
958 2500 1109 2547 giolinzo
1138 2501 1388 2535 commissum
1417 2497 1579 2534 includit
1613 2496 1717 2548 (Lm).

160 2564 294 2615 (xxxd.

213 2630 260 2665 Ei
318 2630 544 2676 Drugiolina
617 2630 743 2665 cibum
813 2628 921 2663 affert
1011 2630 1056 2665 Ei
1079 2629 1303 2675 Drugiolina
1324 2629 1451 2664 eibum
1484 2628 1592 2663 affert
1613 2628 1715 2675 (L111).

162 2695 322 2743 (xxxni).

210 2759 412 2802 Galerana,
433 2759 703 2807 Fioravantern
722 2758 917 2803 adamans,
1011 2757 1183 2804 Hospitis
1215 2757 1305 2801 filia,
1330 2757 1598 2792 Fioravantem
1629 2755 1718 2790 ada·
