1881 3104
807 130 1069 170 —133—

163 245 259 281 alios
283 244 410 291 gladio
431 243 601 279 hostium
631 243 895 279 succubituros
926 253 1021 283 esse,
1045 246 1251 287 antequam
1283 240 1329 275 ad
1362 240 1535 276 Franciae
1566 241 1712 287 Regem

162 309 416 356 pervenirent.

213 374 296 410 Hoc
328 373 426 410 facto
446 372 657 409 Orlientem
691 383 728 408 se
749 376 954 407 conserunt
977 369 1016 420 (l)
1044 371 1174 417 ibique
1195 374 1479 417 pernoctarunt.
1500 369 1594 404 Inde
1623 381 1712 405 vero

163 439 210 486 (p.
238 436 295 485 30)
319 439 413 474 hora
432 437 621 485 gallicinii
645 436 857 479 discedunt,
883 442 919 472 et
940 442 1071 483 postea
1095 434 1166 484 (m)
1184 439 1314 470 noctes
1331 438 1445 480 atque
1475 433 1568 478 dies,
1591 433 1711 470 donec

160 502 353 537 Lutetiam
376 502 610 538 Parisiorum
628 506 828 543 'venerunt'
851 501 1009 548 profecti
1030 505 1131 536 sunt.

213 568 320 602 Tunc
341 567 523 614 temporis
543 567 634 602 huic
651 566 797 602 civitati
815 566 955 602 insedit
974 566 1210 602 Francorum
1231 566 1313 601 Rex
1335 563 1512 605 Florent,
1537 573 1650 610 quem
1670 562 1711 597 in

160 636 286 666 tantas
307 643 433 666 rerum
460 631 657 678 angustias
677 631 845 666 Saxones
868 630 1147 676 compulerunt,
1169 634 1211 663 ut
1230 628 1271 664 in
1291 639 1360 663 sua
1388 631 1588 674 potestate,
1612 638 1711 673 pra}-

160 700 217 730 ter
242 696 388 737 urbem,
410 696 451 730 in
472 696 636 731 Francia
667 695 766 730 nihil
795 695 964 730 haberet.
990 694 1131 730 Filiam
1159 693 1366 729 sustulerat
1386 692 1639 734 Florentiam,
1664 690 1710 725 fi-

160 759 255 794 lium
272 772 360 795 vero
382 760 546 796 nullum.

211 824 392 872 Angsieis
424 831 542 873 porta}
572 827 799 874 adequitans
832 826 978 873 aperire
1007 825 1127 872 jubet.
1152 823 1306 859 Janitor
1332 833 1422 858 vero
1454 821 1579 856 dixit:
1604 820 1712 856 Duos

158 901 310 925 menses
334 890 415 926 haee
429 896 538 937 porta
562 902 639 926 non
660 892 733 926 fuit
753 897 931 933 reserata,
956 902 1025 926 nec
1044 889 1147 924 ullus
1164 887 1326 923 Parisiis
1346 892 1425 922 tam
1454 886 1575 922 audax
1597 896 1713 931 eques

159 959 228 996 est,
245 953 309 1000 qui
327 953 371 988 ad
394 954 466 988 iter
489 954 657 989 volantis
672 954 790 989 hastae
812 953 865 988 ire
887 964 1001 988 ausus
1022 952 1071 988 sit
1093 950 1164 1001 (n).
1180 952 1343 987 Floxeiit
1364 950 1560 998 respondit
1584 962 1592 984 ε
1614 949 1711 984 Fra-

159 1024 228 1061 ter,
246 1030 377 1053 sumus
397 1019 559 1065 pacifici,
585 1024 621 1054 et
639 1018 746 1053 vobis
769 1018 938 1054 subsidio
958 1017 1147 1052 xenimus.
1172 1017 1281 1052 Tunc
1301 1016 1494 1058 ostiarius,
1519 1026 1636 1051 cornu
1656 1015 1710 1049 ori

160 1082 325 1125 admoto,
349 1089 406 1118 ter
435 1083 596 1125 tuhavit,
630 1094 703 1129 quo
731 1083 876 1123 audito,
898 1082 1045 1117 nullam
1074 1081 1242 1117 intrandi
1271 1081 1466 1117 civitatem
1500 1091 1605 1127 spem
1631 1090 1711 1114 esse

160 1153 443 1194 cognoverunt;
467 1147 542 1183 duo
564 1152 691 1182 autem
709 1147 894 1182 suburbia
914 1152 1021 1182 eiant
1042 1147 1084 1183 in.
1102 1146 1246 1182 ⁷vicinia
1264 1159 1270 1188 ;
1297 1157 1371 1193 quo
1390 1157 1428 1181 se
1449 1144 1709 1185 contulerunt,

159 1211 289 1258 ibique
305 1218 590 1258 pernoctarunt.

831 1504 916 1539 CM».
946 1502 1037 1537 ΥΠ.

181 1629 326 1664 Flovens
357 1630 482 1673 Reqem
515 1629 769 1665 Corsablinum
801 1629 1055 1664 monomachia
1084 1628 1233 1662 debellat
1262 1631 1293 1662 et
1321 1628 1513 1672 magnific&
1536 1627 1681 1662 devicit.

204 1769 262 1804 De
297 1769 512 1804 Saxonibus
538 1769 617 1815 jam
651 1769 867 1815 loquamur.
891 1769 1057 1804 Salatros
1089 1767 1173 1803 Rex
1197 1767 1391 1803 Saxonum
1416 1766 1706 1813 potentissimus

154 1833 477 1869 innumerabilem
496 1833 573 1868 fere
599 1834 808 1869 exercitum
831 1833 870 1867 in
888 1833 1060 1882 Fran-(p.
1081 1830 1226 1881 3l)-cia
1246 1832 1381 1867 hahuit
1400 1844 1408 1874 ;
1432 1829 1494 1881 (a)
1512 1831 1592 1878 ipse
1616 1842 1706 1867 vero

193 1983 231 2023 (I)
253 1985 301 2015 A:
324 1985 465 2016 Anszeis
484 1984 555 2016 dux
574 1984 711 2016 itineris
735 1988 810 2016 erat
828 1987 865 2016 ut
886 1987 967 2025 poto
980 1984 1137 2016 omnium
1155 1994 1218 2026 per
1235 1987 1343 2016 totam
1359 1984 1545 2016 Franciam
1565 1983 1702 2015 viarum

150 2046 294 2077 gnarus.

189 2093 251 2129 (ml
277 2090 333 2122 Sic
354 2091 380 2121 Β
402 2091 427 2122 C
451 2091 479 2122 D
501 2091 526 2122 E
548 2090 610 2122 sed
633 2092 663 2122 A
685 2093 720 2122 et
741 2091 766 2121 F
788 2091 970 2122 exoriente
992 2091 1048 2122 die
1069 2091 1245 2122 Lutetiam
1266 2091 1485 2122 Parisiorum
1510 2094 1699 2123 venerunt.

193 2144 247 2183 (η)
269 2143 300 2174 Α
331 2143 360 2174 D
389 2143 415 2174 Ε
440 2143 465 2174 F
488 2142 627 2175 addunt
657 2154 666 2175 .·
694 2147 791 2175 metu
816 2144 969 2174 militum
997 2143 1105 2185 Regis
1134 2143 1292 2178 Salatris.
1320 2143 1379 2185 qui
1407 2146 1559 2185 quatuor
1581 2144 1698 2186 Reges

148 2204 269 2228 Secum
289 2195 437 2227 adduxit
454 2201 657 2233 coronatos;
684 2195 809 2229 horum
829 2197 967 2237 primus
986 2197 1128 2228 nomine
1150 2197 1368 2228 Kosablinus
1391 2196 1453 2238 [sie
1476 2198 1519 2233 A,
1542 2198 1603 2229 sed
1622 2198 1649 2228 B
1671 2197 1697 2228 F

147 2248 395 2281 Korsabliuus.
411 2248 440 2280 D
458 2249 484 2280 Ε
505 2248 764 2291 Cossablinusj.
779 2250 964 2282 Secundus
981 2250 1100 2281 Cabue
1112 2250 1151 2292 [F
1168 2250 1313 2292 Calivc}
1331 2251 1472 2282 Tertius
1492 2250 1698 2283 Falsardius

148 2301 212 2344 [sic
231 2301 259 2332 B
284 2301 311 2332 Ε
332 2301 368 2337 F,
389 2301 450 2333 sed
473 2302 503 2333 A
527 2301 727 2344 Fastadus].
748 2303 903 2341 Quartus
927 2302 1094 2334 Konaher
1117 2303 1183 2345 [sic
1205 2303 1230 2334 F
1251 2307 1284 2335 et
1303 2306 1334 2335 A
1358 2303 1555 2340 Konahert,
1580 2303 1608 2334 B
1627 2303 1695 2336 Co—

146 2354 271 2390 nabes.
294 2354 322 2385 D
344 2353 372 2384 E
396 2354 614 2397 Konabeck].
640 2355 685 2386 Hi
716 2365 839 2388 omnes
864 2357 1089 2392 Marsabiliem
1113 2358 1324 2399 cognomine
1349 2357 1532 2393 Venustze,
1555 2366 1694 2390 amores

145 2408 321 2444 ambiunt,
343 2417 423 2448 quai
443 2408 651 2450 Archiregis
669 2409 817 2441 Salatris
840 2413 894 2441 est
913 2410 984 2442 lilia
1018 2411 1154 2442 Horum
1170 2411 1321 2453 quilibet
1338 2411 1463 2452 quovis
1484 2410 1540 2442 dic
1566 2410 1694 2443 urbem

144 2460 338 2502 adequitat,
364 2462 505 2492 nostros
528 2461 682 2502 superbe
706 2466 954 2503 provoca1ites;
982 2473 1048 2495 nos
1072 2474 1153 2496 vero
1177 2473 1318 2505 semper
1344 2473 1468 2496 sumus
1493 2464 1690 2496 inferiores.

142 2512 317 2545 Caeterum
351 2513 427 2545 Rex
450 2514 596 2554 juravit,
625 2515 804 2547 neminem
830 2525 976 2548 suorum
1006 2517 1093 2549 urbe
1122 2519 1312 2553 exiturum.
1343 2520 1423 2548 ante
1454 2516 1560 2548 finem
1585 2517 1691 2558 hujus

140 2565 286 2601 mensis,
302 2566 362 2607 qui
384 2566 516 2606 Aprilis
536 2569 590 2599 est
619 2567 767 2600 Flovent
784 2569 833 2600 ait
856 2582 862 2599 :
884 2570 1020 2607 Amice,
1036 2581 1101 2603 nos
1118 2571 1204 2613 Regi
1221 2581 1323 2613 opem
1340 2571 1506 2603 feremus.
1526 2570 1689 2602 mercede

138 2618 335 2650 militaturi.
360 2618 469 2660 Aperi
490 2619 593 2651 modo
614 2624 764 2662 portam,
785 2627 819 2653 et
842 2622 906 2654 tibi
928 2633 1059 2665 equum
1080 2624 1254 2665 optimum
1272 2623 1424 2658 donabo.
1444 2626 1511 2656 etc.

181 2708 231 2747 (a)
249 2706 396 2740 Addunt
415 2708 446 2739 A
466 2708 495 2739 D
516 2707 543 2739 E
566 2720 572 2739 :
596 2709 736 2741 nullum
765 2713 840 2742 erat
861 2713 1046 2744 castollum
1066 2716 1125 2744 aut
1147 2712 1468 2754 propugnaculum,
1491 2713 1585 2754 quod
1616 2722 1688 2745 non

139 2759 316 2801 praesidiis
337 2759 523 2792 firmasset.
