1881 3104
859 133 1006 175 *86
1040 159 1096 164 --

198 244 420 284 Floventis
445 244 654 284 historias
676 246 917 285 secundum
939 247 1143 297 gallicum
1166 247 1402 298 quemdam
1420 246 1644 286 Floventis
1670 252 1762 286 tex-

199 314 290 349 tum
313 313 541 358 tractasse,
566 310 817 350 Floovantis
845 314 990 350 autom
1021 313 1263 351 secundum
1293 313 1406 351 duos
1428 312 1610 363 gallicos
1634 312 1762 352 Floo-

196 374 339 414 vantis
362 377 506 414 textus
530 378 627 426 apte
651 375 693 413 in
715 388 850 414 unum
870 377 1094 425 redactos3
1119 377 1227 415 nihil
1246 390 1350 416 vero
1375 390 1396 416 e
1418 377 1702 417 Flovennana
1721 378 1765 417 in

202 440 558 479 Floovantianam
583 442 657 478 aut
678 453 699 478 e
721 440 1032 480 Floovantiana
1052 442 1096 480 in
1116 442 1443 481 Floventianam
1473 443 1764 482 transfudisse

196 504 425 544 historiam
450 506 476 543 1.
500 505 603 544 Inde
627 506 891 545 credendum
913 509 980 545 est
1001 510 1043 545 et
1063 507 1217 557 gallico
1240 506 1491 546 Floovantis
1512 506 1764 546 textuihos-

197 569 300 620 pitis
323 581 554 620 personam
576 570 892 609 restituendam
915 584 1028 610 esse.

249 634 296 672 F.
333 634 365 673 Ε
398 638 500 673 nota
520 637 543 673 2
566 647 663 687 pag.
697 636 748 674 84
774 639 892 686 patet
912 636 1194 674 Floovantem
1222 635 1315 686 regi
1345 635 1480 674 Ausae
1515 635 1630 674 idem
1654 648 1760 677 ‘res-

198 711 386 750 ponsum
425 701 540 751 quod
574 701 827 740 Floventem
856 701 949 752 regi
979 700 1249 740 Francorum
1282 700 1487 747 dedisse3
1520 712 1674 751 quum,
1709 702 1763 741 ob

199 768 508 817 argumentum
529 766 573 804 in
595 765 626 804 E
648 766 840 813 allatum⁷
863 778 949 804 non
974 765 1214 805 verisimile
1243 765 1301 804 sit
1334 765 1416 804 hoc
1446 777 1711 816 responsum
1743 779 1764 805 e

199 821 482 871 Floventiana
503 831 688 870 historia
710 831 1007 882 desumptum.

253 897 304 937 G.
329 897 441 935 Holl.
467 898 762 948 fragmentum
784 897 834 935 de
858 897 1039 936 custode
1063 898 1252 947 quodam
1275 897 1437 949 Rigant
1457 897 1653 948 loquitur
1674 896 1761 947 qui,

198 961 397 1013 plebeius
419 962 533 1009 licet,
558 961 721 1000 nobilia
750 961 944 1000 facinora
965 961 1056 1012 agit
1085 964 1127 1000 et
1156 974 1226 1000 res
1255 962 1524 1001 Francorum
1555 961 1764 1000 adversas

197 1027 358 1066 virtute
398 1029 629 1065 restaurat.
674 1025 722 1064 In
760 1025 929 1064 italiana
975 1026 1097 1065 Fiovi
1126 1027 1312 1066 historia
1335 1058 1343 1074 ‚
1390 1026 1554 1065 rustico
1591 1026 1764 1065 cuidam

201 1092 361 1131 eaedem
380 1092 470 1130 fere
493 1091 791 1130 attribuuntur
812 1094 958 1142 partes
980 1092 1010 1129 2.
1036 1091 1133 1130 Non
1155 1104 1223 1130 me
1255 1091 1370 1141 sugit
1389 1091 1544 1130 rustici
1577 1091 1766 1141 hujusce

200 1158 391 1197 fabulam
426 1157 652 1196 Italianam
684 1168 798 1205 esse,
830 1168 960 1207 quam
985 1158 1077 1207 jam
1111 1157 1223 1195 liher
1253 1157 1311 1195 De
1342 1155 1598 1196 Mirabilibus
1633 1156 1766 1195 Romae

200 1224 376 1262 referat.
400 1222 486 1261 Sed
509 1221 615 1260 mihi
638 1221 820 1260 dubium
843 1224 911 1260 est
932 1234 1009 1261 cur
1030 1222 1139 1260 hanc
1161 1222 1365 1260 fabellam
1389 1221 1433 1260 in
1454 1233 1583 1261 suum
1604 1221 1765 1260 librum

204 1291 344 1327 textus
385 1286 727 1326 franco—italiam
763 1289 915 1325 auctor
946 1287 1250 1335 introduxerit,
1291 1287 1334 1325 ni
1376 1286 1419 1325 in
1452 1287 1607 1338 gallico
1648 1288 1765 1325 textu

203 1353 438 1403 quidquam
463 1352 606 1391 simile
628 1351 872 1391 invenisset
898 1364 906 1389 :
937 1351 1128 1402 hujusce
1147 1351 1345 1391 custodis
1365 1352 1460 1390 loco
1483 1351 1641 1390 melius
1664 1362 1766 1390 rus-

202 1417 336 1456 ticum
357 1429 585 1456 romanum
602 1417 718 1455 fama
735 1416 1002 1455 celebratum
1021 1429 1238 1468 exponere
1260 1416 1427 1455 habuit.
1446 1416 1615 1455 Forsan
1635 1419 1767 1454 teme—

202 1482 314 1521 rarie
328 1483 410 1521 hoc
422 1482 648 1521 inductum
662 1481 895 1528 videbitur,
908 1493 987 1520 nec
1003 1481 1117 1520 enim
1131 1483 1230 1532 plus
1245 1494 1375 1531 quam
1392 1483 1638 1531 conjectum
1654 1480 1768 1520 dixe-

205 1548 308 1595 rim3
346 1547 424 1586 sed
456 1559 590 1597 quum
619 1546 661 1584 in
684 1546 805 1585 Fiovi
828 1545 1014 1584 historia
1036 1547 1190 1586 rustici
1212 1559 1401 1598 persona
1422 1549 1645 1598 appareat,
1673 1557 1768 1596 quae

204 1626 301 1653 cum
324 1612 570 1652 hollandico
599 1612 760 1662 Rigant
786 1612 1022 1650 admodum
1057 1612 1270 1663 congruit,
1302 1612 1345 1650 in
1376 1612 1532 1663 gallico
1561 1611 1769 1651 Flovente

204 1679 436 1730 quemdam
460 1689 633 1728 quoque
655 1676 793 1715 fuisse
815 1676 988 1726 Rigant,
1009 1676 1082 1726 qui
1111 1681 1258 1728 partes
1282 1676 1450 1716 similes
1473 1679 1624 1727 ageret
1643 1676 1769 1715 facile

204 1743 460 1796 suspiceris.
483 1743 573 1781 Nec
595 1741 833 1792 quidquam
855 1741 899 1779 in
920 1742 1002 1781 hoc
1023 1742 1182 1781 mirum
1201 1742 1412 1781 offendas.
1434 1741 1636 1793 Rigantis
1655 1740 1769 1779 enim

201 1821 435 1861 personam
456 1796 682 1857 vulgarem
717 1807 761 1845 in
793 1807 959 1846 nostris
992 1807 1162 1858 gallicis
1185 1807 1401 1859 poematis
1424 1820 1524 1846 esse
1545 1807 1562 1833 3
1581 1819 1634 1845 ne
1657 1805 1768 1845 obli-

203 1874 413 1921 viscaris;
438 1873 626 1924 plurima
646 1874 848 1923 poemata
869 1872 1066 1923 plebeios
1090 1872 1360 1911 facinoribus
1383 1872 1477 1911 suis
1501 1884 1547 1911 se
1582 1871 1771 1911 dominis

208 1944 250 1979 et
270 1938 542 1991 principibus
563 1936 882 1988 {equiparantes
905 1940 1065 1988 gerunt
1086 1939 1127 1975 et
1165 1936 1208 1975 in
1242 1940 1442 1988 poemate
1477 1937 1772 1988 Lotharingo-

206 2018 303 2045 rum
328 2004 470 2058 (Garz'n
491 2003 524 2041 le
544 2002 757 2053 Lohemz‘n)
785 2002 985 2053 plebeius
1015 2002 1192 2053 quidam
1223 2003 1377 2042 eodem
1408 2002 1582 2041 nomine
1611 2001 1771 2053 Rigant

209 2072 387 2110 easdem
409 2070 499 2109 fere
520 2070 668 2120 partes
688 2067 792 2118 agit.

255 2248 280 2279 1.
304 2246 355 2277 Cf.
380 2245 505 2287 Rajna,
528 2244 703 2287 Ricerclze,
725 2256 759 2287 p.
783 2246 834 2282 62,
859 2247 897 2279 63
915 2259 930 2278 ·:
955 2258 974 2277 «
995 2246 1066 2279 Che
1093 2246 1242 2280 l'autore
1268 2247 1522 2290 immaginasse
1552 2247 1621 2289 egli
1647 2245 1771 2278 mede-

211 2301 300 2332 simo
322 2299 354 2331 le
378 2303 573 2331 avventure
603 2299 637 2331 di
666 2299 773 2331 Fiovo
795 2300 966 2331 imitando
992 2300 1002 2331 i
1027 2300 1099 2332 casi
1123 2300 1157 2331 di
1182 2300 1405 2339 Fioravante,
1431 2302 1479 2333 mi
1513 2300 1654 2333 sembra
1691 2308 1773 2332 cosa

212 2355 358 2386 lontana
390 2353 435 2384 da
468 2353 549 2394 ogni
581 2352 811 2395 probabilita.
843 2353 875 2385 S'
897 2354 966 2395 egli
1001 2363 1124 2386 avesse
1157 2355 1278 2386 voluto
1318 2357 1516 2392 inventare,
1554 2354 1582 2386 si
1619 2353 1771 2385 sarebbe

212 2407 386 2449 guardato
412 2406 469 2438 dal
493 2406 706 2448 raddopiare
730 2407 766 2438 in
790 2410 916 2448 questa
942 2408 1044 2449 guisa
1066 2408 1160 2440 nella
1179 2412 1293 2440 stessa
1313 2409 1481 2441 scrittura
1500 2417 1573 2439 una
1593 2407 1668 2439 sola
1685 2415 1770 2439 nar-

213 2461 366 2497 razione,
388 2470 407 2493 e
430 2469 467 2492 se
489 2459 603 2492 anche
626 2460 660 2491 la
685 2460 838 2492 fantasia
863 2470 934 2503 non
958 2461 1005 2502 gli
1034 2470 1157 2493 avesse
1187 2465 1278 2493 retto
1303 2471 1323 2493 a
1346 2461 1535 2503 concepire
1557 2470 1630 2492 una
1652 2468 1771 2492 nuova

214 2515 296 2551 tela,
328 2515 362 2546 la
383 2515 594 2547 letteratura
625 2523 851 2547 romanzesca
881 2525 941 2548 era
971 2515 1253 2548 bastevolmente
1274 2516 1370 2548 ricoa
1390 2525 1453 2558 per
1473 2514 1652 2556 lasciargli
1673 2514 1770 2555 largo

216 2568 363 2600 arbitrio
384 2568 480 2600 nella
503 2569 624 2601 scelta.
651 2581 667 2598 n
686 2562 787 2607 Quod
805 2569 847 2601 de
872 2579 1011 2602 summa
1035 2572 1070 2601 et
1089 2570 1304 2602 narrationis
1326 2570 1411 2602 dicit
1434 2569 1559 2611 RaJna,
1583 2567 1617 2599 id
1635 2567 1677 2600 de
1697 2566 1772 2599 sin-

218 2621 310 2663 gulis
334 2622 407 2654 sere
433 2622 568 2664 ubique
592 2622 783 2655 dicendum
804 2632 881 2655 esse
906 2633 1045 2656 censeo.

257 2674 289 2706 2.
315 2675 367 2707 De
387 2685 456 2718 quo
480 2676 561 2708 vide
585 2685 694 2718 supra
715 2686 751 2718 p.
773 2677 823 2714 49,
849 2678 883 2709 et
903 2676 1027 2719 RaJua,
1051 2675 1226 2714 Βίων-0110,
1251 2687 1285 2719 p.
1307 2677 1345 2709 64
1363 2680 1397 2709 et
1420 2686 1496 2718 sqq.

258 2730 288 2761 3.
314 2729 371 2760 Sic
406 2729 574 2763 Roboaste
608 2731 644 2762 in
679 2730 863 2768 Aliscans,
903 2730 1083 2763 Vama-her
1119 2732 1154 2762 in
1189 2731 1367 2768 Macaire,
1401 2734 1500 2763 sutor
1530 2729 1565 2760 in
1600 2725 1770 2760 Bauciuin

218 2782 258 2814 de
273 2781 455 2824 Sebourq:
479 2785 544 2815 etc.
