1881 3104
778 112 1012 154 -99—

117 227 312 274 edocuit,
357 227 634 280 imperatoris
682 228 955 267 Constantini
988 227 1287 278 temporibus,
1320 238 1453 276 quum
1483 226 1668 264 Flovens

117 291 343 330 Franciam
364 293 416 331 ad
437 293 693 345 religionem
715 293 998 332 christianam
1020 293 1162 332 denuo
1183 290 1411 331 adduxerit
1430 290 1461 328 1.
1485 304 1506 326 »

172 355 283 395 Sunt
310 360 520 408 praeterea
550 357 629 396 tria
662 358 822 396 saeculo
851 363 940 396 x1v⁰
974 356 1137 408 scripta
1167 359 1388 407 poemata,
1421 353 1666 394 charles-le-

120 419 294 468 chauve,
318 421 481 460 Florent
507 428 543 460 et
572 422 761 461 Octavian
792 426 833 461 et
867 421 1021 474 Ciperis
1051 420 1098 459 de
1141 420 1369 472 Γίφῑρυαιις,
1395 431 1490 470 quae
1524 419 1669 458 fusius

118 485 356 537 descripsit
375 486 587 526 Paulinus
611 487 736 526 Paris
759 486 886 538 (Hz'st.
909 486 1049 533 litter„
1067 485 1195 537 xxvi),
1214 489 1256 524 et
1277 497 1373 536 quae
1392 485 1443 523 de
1463 484 1674 522 merovin—

118 550 187 601 gis
208 550 389 601 regibus
410 551 530 590 varia
552 564 630 590 seu
651 551 823 599 tradita,
849 563 927 590 seu
950 551 1124 589 inventa
1145 550 1356 588 referunt.

170 614 243 653 Vl.
267 614 326 653 De
349 614 493 654 Carolo
511 615 634 655 Calvo
654 616 867 668 fabula.——
887 615 950 654 De
971 615 1203 662 Melsiano,
1223 614 1428 665 Ungariae
1442 626 1562 665 rege,
1577 614 1670 665 agi-

117 683 189 717 tur
211 679 299 729 qui,
324 680 586 731 baptizatus,
614 693 773 720 nomen
794 680 996 720 Carolum
1025 679 1205 719 Calvum
1251 678 1421 729 accipit,
1456 679 1616 730 quique
1651 691 1675 718 a

118 743 346 782 duodecim
368 745 562 795 paribus,
580 748 753 784 mortuo
772 744 1006 791 Clothario,
1025 743 1219 782 Franciae
1240 755 1316 781 rex
1333 743 1570 790 salutatur3
1595 743 1674 782 sed

117 807 352 847 Britanniae
374 809 735 856 duxNVillelmus
757 809 809 848 de
822 809 1079 848 Monteforti
1099 808 1333 859 imperium
1355 807 1528 846 affectat
1547 820 1554 854 ;
1576 807 1674 846 inde

116 872 242 919 bella,
286 885 473 923 quorum
510 886 588 925 per
625 874 771 913 varios
804 886 933 913 casus
972 874 1143 912 fessum
1177 874 1385 911 lectorem
1418 872 1671 912 indefessus

116 941 267 976 auctor
284 939 430 977 trahit.
447 939 604 978 Filium
619 938 1015 990 habetPhilippum
1031 940 1158 988 qu‘us
1178 937 1295 976 filius
1308 937 1533 976 Deodatus
1555 936 1671 988 (Dieu

111 1002 260 1053 donne')
281 1012 505 1054 neposque
527 1001 805 1051 Dagobertus
828 1003 907 1039 est.

166 1068 262 1107 VII.
285 1067 344 1106 De
366 1067 550 1107 Florente
563 1071 599 1104 et
621 1065 834 1104 Octaviano
845 1064 1055 1117 fabula.—
1071 1065 1186 1104 Dum
1203 1075 1409 1103 romanus
1432 1063 1671 1114 imperator

119 1132 381 1172 Octavianus
423 1131 542 1170 socio
575 1130 824 1181 Dagoherto
861 1129 1054 1169 Franciae
1095 1129 1201 1180 regi,
1240 1141 1369 1179 quem
1409 1127 1671 1166 obsidebant

115 1196 295 1242 Wandi,
320 1196 529 1235 auxilium
550 1195 773 1242 afferebat,
799 1197 895 1246 eJus
918 1207 1028 1233 uxor
1054 1194 1164 1233 duos
1197 1193 1311 1232 filios
1347 1193 1596 1232 Florentem
1632 1195 1674 1231 et

117 1261 400 1302 Octavianum
421 1261 465 1299 in
500 1262 642 1300 lucem
682 1260 851 1299 edebat.
894 1259 1050 1299 Matris
1091 1258 1273 1308 perfidia
1311 1258 1519 1309 percitus,
1561 1269 1669 1296 uxo—

113 1339 206 1366 rem
227 1339 356 1377 quam
378 1326 618 1365 adulteram
642 1328 763 1376 putat
784 1337 881 1364 cum
901 1325 1013 1363 natis
1031 1324 1206 1375 expellit
1232 1323 1368 1361 redux
1390 1322 1669 1362 Octavianus.

115 1392 201 1431 Per
237 1391 393 1443 viginti
427 1390 562 1429 millia
591 1402 801 1429 versuum
838 1393 1038 1428 natorum
1071 1388 1300 1427 historiam
1338 1387 1468 1426 trahit
1506 1389 1669 1432 auctor,

113 1469 299 1508 quorum
337 1468 450 1495 unus
489 1454 702 1507 (Florens)
736 1467 759 1493 a
786 1454 1017 1506 parisiensi
1049 1453 1140 1493 cive
1175 1453 1401 1499 educatus,
1439 1452 1525 1491 sibi
1553 1451 1672 1503 regis

109 1521 348 1572 Dagoberti
369 1520 554 1571 gratiam
574 1519 844 1558 facinoribus
867 1519 1081 1565 conciliat,
1108 1522 1149 1557 et
1176 1517 1484 1565 Marsibillam,
1517 1517 1671 1556 Sarra-

109 1585 202 1625 ceni
224 1585 343 1636 regis
363 1584 511 1631 filiam,
536 1597 716 1624 uxorem
739 1584 886 1631 ducit3
924 1585 1031 1622 alter
1069 1582 1358 1634 (Octavianus)
1399 1581 1609 1621 divinitus
1649 1593 1673 1619 a

109 1651 233 1689 leone
260 1651 438 1701 adjutus
460 1650 503 1687 in
525 1649 699 1689 Oriente
720 1649 842 1688 varia
863 1648 1055 1687 facinora
1083 1648 1183 1695 edit,
1207 1651 1249 1686 et
1272 1647 1458 1693 tandem,
1480 1646 1665 1697 Mauga-

108 1715 225 1762 liam,
242 1715 499 1754 Marsibillae
516 1727 726 1760 sororem,
742 1714 785 1752 in
800 1713 1127 1752 matrimonium
1144 1713 1276 1751 ducit.
1295 1712 1358 1751 De
1372 1713 1453 1751 hoc
1468 1715 1668 1763 poemate

111 1780 310 1830 quaedam
331 1791 465 1830 supra
480 1781 573 1829 Jam
594 1779 839 1825 retulimus,
862 1778 1021 1829 quippe
1035 1778 1150 1828 quod
1169 1777 1368 1818 Florentes
1383 1779 1425 1815 et
1439 1776 1662 1816 Floooentz‘s

115 1846 316 1895 poemata
334 1856 430 1882 cum
451 1843 548 1882 aliis
569 1855 740 1893 quoque
763 1843 806 1881 in
828 1855 962 1881 unum
985 1845 1223 1892 congreget
1245 1844 1286 1880 et
1306 1842 1505 1880 misceat.

167 1908 285 1948 VIII.
312 1908 369 1946 De
379 1907 584 1960 Hilperz'co
599 1907 645 1946 de
656 1907 888 1959 Ῑ”ῑ“9)ῑῑ“ι,ἀῖῖιζς
907 1906 1122 1959 fahzcla.-
1138 1907 1355 1958 Philippo,
1375 1905 1583 1945 Clotharii
1607 1917 1671 1943 rc-

113 1974 181 2025 gis
221 1973 325 2020 filio,
369 1978 461 2012 erat
487 1973 604 2011 filius
628 1973 790 2011 nothus
820 1973 893 2023 qui
928 1984 1062 2022 quum
1102 1972 1143 2010 in
1180 1972 1289 2010 silva
1327 1988 1345 2006 «
1373 1971 1629 2021 Yignevaux
1650 1983 1672 2006 >›

117 2038 244 2085 dicta,
260 2038 304 2076 in
326 2038 605 2085 Normandia,
622 2043 750 2076 natus
773 2040 906 2083 esset,
933 2036 1088 2089 Ceperz's
1104 2036 1150 2075 (le
1170 2036 1402 2087 Vz'gmevazca?
1422 2035 1672 2074 nominatus

113 2107 192 2142 est.
219 2102 388 2153 Ciperis
410 2102 462 2140 ab
485 2103 697 2141 avunculo
715 2102 967 2152 Dagoberto
992 2102 1216 2140 educatus.
1240 2113 1260 2139 e
1284 2101 1544 2139 consobrina
1565 2100 1673 2139 Ora-

113 2167 185 2206 bla
205 2166 518 2218 septemdecim
546 2166 660 2205 filios
692 2167 836 2205 habet.
862 2166 1073 2204 Filiorum
1103 2165 1333 2204 historiam
1359 2165 1503 2204 fusius
1526 2168 1673 2202 narrat

114 2235 278 2279 auctor,
302 2244 380 2282 per
402 2243 512 2282 quos
535 2244 664 2270 casus
686 2232 830 2270 varias
854 2231 1039 2282 Europae
1070 2231 1275 2282 regiones
1312 2231 1459 2275 armis,
1496 2229 1671 2280 reginas

113 2309 260 2336 amore
279 2297 550 2347 subegerint.
580 2296 785 2344 Quaedam
815 2297 942 2335 ctiam
963 2297 1014 2335 de
1036 2296 1247 2335 Luam-ici
1265 2295 1504 2347 Dagoberti
1525 2294 1670 2346 fratris

160 2476 188 2507 1.
212 2475 315 2507 Hanc
333 2474 557 2516 prophetiam
577 2475 686 2507 refert
714 2474 894 2516 Koelbing,
921 2474 1118 2506 secundum
1144 2474 1302 2506 codicem
1327 2474 1396 2506 152.
1421 2473 1495 2505 fere
1513 2472 1548 2503 in
1575 2472 1671 2503 hunc

117 2528 263 2560 modum
285 2542 291 2558 :
317 2539 336 2558 «
356 2528 553 2560 Praesentio
570 2527 681 2560 filium
699 2531 862 2560 nostrum
884 2527 1119 2559 christianum
1143 2529 1229 2564 sore,
1244 2531 1281 2558 ut
1300 2528 1443 2558 fuerant.
1453 2529 1556 2568 pater
1568 2534 1670 2557 meus

118 2583 300 2623 materque
324 2589 414 2621 mea,
438 2590 642 2622 quanquam
670 2581 737 2613 hoc
766 2580 979 2621 (christiana
1000 2580 1160 2613 videlicet
1186 2581 1283 2622 fides)
1308 2581 1344 2611 in
1373 2583 1496 2611 nostra
1525 2579 1671 2620 regione

118 2634 290 2666 abolitum
305 2634 424 2666 fuerit.
442 2634 485 2665 Et
503 2634 626 2666 dicunt
639 2635 731 2666 hanc
749 2635 972 2676 prophetiam
990 2644 1110 2667 veram
1124 2637 1303 2676 repertam
1318 2633 1429 2665 fuisse
1447 2632 1667 2674 temporibus

119 2687 343 2730 imperatoris
365 2687 530 2720 Konradi
556 2688 617 2729 qui
644 2688 831 2720 Franciam
851 2688 1081 2719 christianam
1110 2687 1276 2723 reddidit,
1299 2695 1448 2728 eamque
1471 2695 1492 2718 a
1519 2686 1669 2728 paganis

118 2742 272 2773 servavit
288 2753 306 2771 »
327 2740 503 2783 (Riddara
519 2739 655 2783 Soequr,
675 2751 709 2783 p.
733 2742 852 2782 xnvn).
871 2741 974 2773 Patet
993 2740 1157 2774 Konradi'
1174 2741 1302 2773 falsam
1322 2749 1400 2773 esse
1423 2740 1625 2772 lectionem.
