1881 3104
749 156 1013 196 —151—

112 279 201 304 nam
222 268 377 304 vulnera
401 268 497 315 Regi
514 268 750 310 Corsablino,
774 274 933 315 cognato
953 279 1053 312 meo,
1076 268 1219 304 inflicta
1238 269 1412 304 ulciscar.
1445 270 1539 306 Cum
1560 271 1661 308 dicto

111 345 249 381 equum
269 334 480 370 calcaribus
498 334 676 377 concitat,
702 339 738 369 et
757 334 908 379 longius
939 344 1175 380 progressus,
1204 333 1426 380 imprudens
1456 345 1476 369 a
1502 338 1582 370 suis
1604 336 1659 371 di-

110 399 277 434 vellitur.
301 398 422 442 Quem
443 399 648 445 respiciens
668 399 842 442 Flovent,
876 398 1180 442 Gamelfinnum,
1203 404 1245 434 ut
1263 400 1432 445 primum
1465 401 1658 445 cognovit,

111 469 148 500 et
168 475 282 511 quam
312 465 533 510 longissime
552 475 574 499 a
594 464 738 511 reliquo
758 464 924 499 exercitu
945 474 1013 499 suo
1036 464 1264 510 ‹lireinptum
1282 463 1390 509 vidit,
1412 463 1458 499 ad
1478 475 1659 511 eumper-

112 530 196 565 nice
216 529 333 576 gradu
361 529 571 566 revertitur.
597 528 860 564 Gamelfinnus
880 529 982 575 prior
998 528 1148 563 hastam
1179 531 1320 572 emisit,
1343 540 1426 576 quae
1459 530 1661 566 manubrio

113 594 244 633 fracto.
268 596 347 630 slve
369 595 509 643 suc-(p.
536 594 619 643 57)-
635 605 743 630 cessu
763 594 922 633 excidit:
946 605 1033 629 mox
1059 596 1245 629 cervicem
1278 594 1473 629 Floventis
1501 595 1657 640 oppetit,

113 660 177 707 qui
196 660 345 695 modica
359 661 526 706 corporis
547 659 799 696 declinatione
814 659 931 695 ictum
951 661 1110 701 evitans,
1127 658 1360 712 Gameltinni
1377 666 1583 694 manumet
1597 670 1660 694 ca-

113 731 180 772 put
196 725 406 761 cervicibus
427 725 601 762 abscidit.
625 726 722 760 Tum
744 725 897 760 demum
919 724 1089 760 Saxones
1120 735 1273 760 cursum
1297 725 1476 760 sistentes
1497 724 1660 760 reduxe—

113 796 201 826 runt
236 791 349 826 acies,
380 788 435 825 At
465 790 626 826 Flovent
654 789 791 825 Otunis
822 789 922 836 capti
953 799 1078 832 causa,
1114 790 1241 824 animo
1263 789 1428 824 multum
1467 794 1670 825 commoto

111 856 242 891 urbem
263 856 424 902 repetiit.
447 853 502 890 At
518 855 655 890 Franci
676 856 783 891 irrito
804 860 943 891 conatu
965 865 1053 889 eum
1075 854 1287 890 exhilarare
1304 859 1517 891 tentarunt.

767 1222 855 1258 Cn).
889 1222 1000 1258 XIII.

108 1345 316 1381 Flovencem
344 1356 360 1379 e
391 1346 514 1390 praelz'o
546 1345 771 1390 redeuntem,
810 1347 941 1382 Franci
971 1359 1113 1382 summo
1146 1349 1280 1392 qaudio
1317 1350 1528 1394 e.rct'piunt‚·
1558 1350 1622 1391 qui
1641 1364 1663 1387 a

160 1416 244 1460 Reqe
273 1417 506 1452 Francorum
536 1416 583 1450 ml
602 1416 795 1451 delubrum
815 1418 990 1452 deductus
1011 1420 1220 1462 religionem
1247 1420 1441 1461 simulans,
1465 1419 1512 1452 ad
1536 1429 1660 1453 verum

158 1487 270 1520 Deum
286 1496 409 1530 preces
427 1487 569 1529 fundit.

159 1622 341 1665 Parisios,
366 1622 590 1657 Florentem
624 1622 812 1669 lugentes,
837 1622 921 1657 Rex
950 1622 1107 1658 Florent
1129 1623 1337 1669 alloquitur
1367 1636 1374 1658 :
1400 1623 1535 1658 Portas
1556 1622 1662 1657 urbis

110 1686 310 1730 custodite,
335 1698 382 1721 ne
404 1698 474 1722 nos
495 1686 725 1733 improvisos
741 1686 909 1722 Saxones
930 1687 1213 1734 aggrediantur.
1236 1687 1385 1723 Deinde
1408 1688 1578 1734 speculas
1600 1699 1662 1723 as-

112 1753 315 1789 cendentes
342 1752 567 1787 Floventem
598 1762 685 1786 cum
714 1751 881 1787 exercitu
915 1751 1185 1787 adventantem
1208 1752 1352 1788 vident.
1388 1752 1431 1787 Id
1463 1753 1561 1799 Regi
1604 1750 1656 1800 (a)

112 1818 333 1854 nuntiatum
374 1822 430 1852 est
459 1814 550 1864 (b).
593 1815 777 1851 Flovente
816 1816 949 1851 urbem
984 1817 1171 1860 intrante,
1215 1829 1365 1853 summo
1393 1829 1526 1853 omnes
1566 1828 1661 1863 gau-

110 1884 172 1919 ‹lio
190 1881 334 1930 perfusi
353 1886 456 1916 sunt.
480 1881 564 1917 Rex
584 1881 737 1928 cognito
757 1880 838 1928 ejus
860 1881 1025 1917 adventu
1046 1882 1149 1918 hunc
1169 1882 1496 1929 fulgentissimum
1515 1894 1659 1929 purpu-

110 1953 234 1984 ratum
255 1946 302 1982 ad
322 1958 360 1981 se
381 1945 592 1981 accersivit.
618 1944 795 1993 Angsoeis
817 1958 919 1989 vero,
945 1958 1050 1982 arma
1069 1947 1281 1990 Floventis,
1301 1948 1381 1994 jam
1402 1948 1661 1993 maximopere

109 2012 272 2059 fatigati,
297 2009 547 2047 custodienda
579 2010 728 2057 accipit.
754 2011 851 2058 Regi
871 2023 890 2046 e
918 2012 1076 2058 petenti,
1101 2012 1264 2047 Flovent
1282 2013 1455 2048 osculum
1481 2012 1658 2057 denegat,

111 2078 239 2113 dicens
261 2089 268 2110 z
292 2076 349 2111 Ne
369 2087 429 2111 me
454 2081 602 2122 tangas,
624 2076 810 2111 Domine:
831 2077 957 2123 juravi
980 2077 1084 2112 enim
1105 2088 1166 2111 me
1186 2077 1381 2112 neminem
1401 2083 1489 2112 ante
1509 2076 1662 2112 oscula-

113 2149 254 2184 turum,
280 2152 395 2188 quam
426 2140 687 2187 captivitatem
708 2140 842 2183 Otuni,
867 2141 1008 2177 sodalis
1038 2141 1128 2183 mei,
1155 2141 1398 2177 vindicavero
1423 2153 1430 2175 :
1461 2141 1525 2176 ille
1558 2140 1662 2175 enim

113 2219 173 2243 me
204 2205 422 2253 sequendo,
458 2210 646 2251 parentes,
685 2209 852 2253 pena-(p.
890 2204 1056 2253 58}-tes,
1082 2212 1118 2241 et
1148 2206 1310 2253 patriam
1344 2206 1512 2242 deseruit
1545 2216 1587 2241 ac
1619 2216 1663 2240 ea

114 2277 279 2319 propter,
302 2270 391 2305 dum
418 2270 483 2305 ille
511 2271 659 2306 inultus
693 2277 762 2313 est,
787 2271 1012 2318 neutiquam
1032 2271 1167 2307 hilaris
1188 2283 1268 2307 esse
1288 2283 1457 2318 possum.
1480 2271 1562 2305 Rex
1582 2281 1662 2305 res-

116 2335 250 2383 pondit
286 2347 294 2370 ε
329 2346 376 2370 ne
413 2335 533 2369 tristis
565 2335 638 2378 sis3
664 2347 733 2382 ego
754 2335 865 2370 illum
890 2336 1016 2383 potius
1038 2347 1151 2382 quam
1178 2347 1199 2371 a
1228 2336 1420 2372 sceleratis
1440 2335 1663 2370 hominibus

117 2400 318 2447 crucietur,
340 2399 479 2445 viginti
493 2398 540 2448 (c)
557 2400 744 2443 curribus,
764 2412 856 2436 auro
878 2401 1024 2436 refertis
1044 2401 1228 2436 liberabo.
1251 2401 1396 2436 Verum
1412 2412 1497 2436 cum
1517 2400 1664 2446 aliquot

161 2532 211 2573 (a)
236 2532 262 2563 F
286 2544 291 2563 :
314 2542 333 2563 a
354 2535 506 2573 «[1111111011
527 2532 718 2573 equitibus.

159 2586 208 2627 (b)
235 2586 367 2618 FzRex
388 2595 469 2618 cum
489 2586 610 2618 multis
630 2587 709 2618 aliis
730 2587 894 2628 equitans
915 2588 945 2619 ei
968 2588 1134 2619 occurrit.
1155 2587 1254 2619 Tunc
1274 2596 1367 2619 unus
1387 2590 1665 2628 purpuratorum

119 2640 162 2681 ad
184 2639 318 2680 Regem
344 2639 452 2670 dixit:
486 2639 648 2676 Domine,
679 2640 805 2681 inquit,
834 2640 970 2672 confide
994 2640 1229 2676 Machumeto,
1256 2644 1289 2672 et
1320 2639 1490 2671 retinebis,
1514 2648 1665 2681 regnum

121 2697 233 2729 tuum,
260 2697 294 2724 et
317 2693 467 2724 militem
490 2692 762 2724 conductitium.
788 2693 863 2725 Rex
884 2693 1071 2725 duodecim
1094 2694 1188 2725 viros
1206 2694 1249 2725 ad
1270 2693 1472 2732 delubrum,
1488 2692 1663 2734 purgandi

115 2745 216 2777 idola
238 2748 273 2777 et
295 2745 521 2786 praeparandi
546 2754 662 2781 causa,
688 2746 807 2787 mittit,
832 2747 937 2788 paulo
956 2750 1036 2788 post
1056 2747 1131 2788 ipse
1155 2750 1339 2778 venturus.

166 2799 206 2837 (c)
228 2798 259 2830 A
279 2799 308 2830 D
331 2802 364 2830 et
384 2799 410 2829 F
436 2810 441 2829 ;
466 2799 550 2840 quia
573 2807 637 2840 ego
660 2799 762 2830 illum
784 2799 909 2840 viginti
932 2799 1049 2840 pondo
1067 2800 1144 2831 auri
1163 2799 1303 2831 contriti
1326 2799 1511 2832 redimam.
