1881 3104
733 132 994 174 —119-

143 246 320 288 Flovent,
341 245 464 292 specie
485 245 578 282 adeo
609 246 924 282 commendabilis
957 246 1178 290 assurrexit,
1200 246 1386 293 petiitque
1413 257 1434 281 a
1460 247 1644 293 pincerna

89 310 351 358 Imperatoris,
375 315 418 346 ut
436 311 617 357 poculum
637 310 728 347 vino
762 316 948 353 oneraret,
973 311 1102 347 dicens
1136 322 1175 346 se
1208 311 1280 347 hoc
1296 311 1525 357 Imperatori
1546 312 1642 347 alla-

87 382 233 419 turum,
255 375 489 411 humilitatis
509 380 545 411 et
566 375 694 411 devoti
713 375 830 411 officii
851 387 952 422 ergo.
978 373 1034 411 At
1059 375 1243 422 pincerna
1272 375 1450 410 invidens
1466 376 1646 412 Florenti

89 442 320 480 concinnam
349 441 516 488 corporis
550 446 780 477 structuram
810 441 1080 488 egregiamque
1107 452 1260 477 morum
1288 441 1533 483 suavitatem,
1572 454 1644 488 qua

86 519 224 544 omnes
258 506 492 549 antecelluit,
515 506 702 554 scyphum
723 506 868 542 insulse
900 506 1049 553 implet,
1074 506 1268 553 nimisque
1286 506 1490 553 impletum
1521 507 1645 552 porri-

88 573 157 620 git.
182 572 346 608 Flovent
366 576 495 607 autem
514 571 632 607 nimis
655 571 859 618 impletum
888 571 963 607 sibi
983 571 1116 607 datum
1136 582 1216 608 non
1232 571 1453 615 observans,
1471 571 1646 618 Impera-

88 639 183 675 toris
202 639 248 676 ad
271 647 447 673 mensam
466 635 590 671 tendit
604 649 611 679 ;
637 637 698 673 cui
727 637 769 673 in
801 635 990 673 anteriore
1019 642 1125 683 parte
1142 636 1232 672 Dux
1253 637 1411 684 quidam
1442 637 1646 673 accumbe-

89 705 169 748 bat,
197 705 340 741 astutia
375 710 412 741 et
446 705 626 752 superbia
662 705 811 751 plenus,
849 704 895 739 ad
933 715 1047 750 quem
1086 715 1173 740 cum
1209 703 1385 739 cominus
1425 702 1645 738 accessisset

88 770 267 814 Flovent,
286 770 447 806 minutae
467 770 562 806 forte
579 770 739 818 guttulae
764 769 934 817 quassati
961 769 1108 816 scyphi,
1135 774 1272 816 praeter
1296 769 1550 810 voluntatem,
1578 779 1647 814 ge—

85 836 146 871 nis
163 835 210 885 (c)
225 837 343 873 Ducis
361 841 451 872 sunt
471 836 688 877 instillatae;
714 836 779 883 qui
800 836 857 871 ira
879 835 984 871 illico
1002 835 1183 872 incensus
1203 835 1363 882 colapho
1383 834 1562 871 Florenti
1585 834 1647 868 in-

84 902 202 943 flicto,
226 901 308 937 hzec
323 901 497 937 convicia
512 901 682 937 evomuit
700 914 707 936 ;
729 901 843 943 Male,
871 906 912 937 tu
928 901 1058 948 spuria
1076 901 1215 948 proles,
1238 907 1410 936 moratus
1431 912 1470 935 es
1493 913 1500 934 ι
1522 907 1646 936 osten-

88 966 146 1002 dis
167 966 284 1009 enim,
305 978 380 1013 qua
395 967 510 1013 stirpe
527 966 713 1002 oriundus
735 966 800 1001 sis.
816 966 910 1002 Mali
928 966 1031 1002 corvi
1048 966 1195 1001 malum
1217 977 1345 1001 ovum.
1364 965 1491 1001 Deum
1512 970 1644 1007 testor,

86 1031 121 1067 si
141 1043 202 1067 me
220 1042 299 1067 non
318 1031 541 1074 abstineret,
566 1035 648 1066 tum
670 1031 851 1067 sanctitas
872 1030 1068 1073 feriarum,
1091 1036 1173 1066 tum
1201 1030 1318 1066 etiam
1344 1031 1542 1066 veneratio
1563 1031 1648 1066 lau-

88 1096 360 1143 tissimihujus
382 1096 566 1139 convivii,
582 1100 618 1131 te
638 1096 806 1143 profecto
828 1097 866 1131 in
887 1094 1196 1132 sordidissimum
1217 1097 1352 1132 Romae
1372 1097 1497 1133 locum
1517 1096 1648 1131 detru-

93 1161 237 1197 derem.
260 1161 353 1197 Haec
372 1161 438 1197 ille
460 1161 634 1197 aculeata
652 1172 755 1197 voce.
775 1162 875 1196 Tum
890 1161 1056 1197 Flovent
1073 1162 1114 1197 in
1134 1173 1309 1198 mensam
1329 1167 1378 1208 (p.
1402 1164 1437 1204 8)
1462 1162 1650 1209 scyphum

89 1226 217 1262 subito
238 1226 427 1273 deposuit,
446 1226 545 1261 nihil
573 1237 723 1267 curans,
749 1226 819 1261 etsi
841 1226 1125 1273 aliquantulum
1145 1227 1317 1263 efflueret
1332 1227 1428 1262 vini.
1454 1227 1562 1263 Licet
1592 1235 1650 1262 te-

89 1302 193 1327 nerae
225 1292 350 1327 aetatis
379 1296 490 1334 esset,
515 1291 573 1326 ira
603 1297 734 1327 tamen
763 1297 959 1338 concepta,
985 1292 1219 1338 singularem
1251 1304 1421 1339 pugnam
1449 1293 1650 1329 interritus

88 1356 303 1399 commisit;
327 1357 467 1403 quippe
483 1356 631 1392 Ducem
653 1357 742 1392 forti
772 1356 1026 1403 praesentique
1054 1358 1184 1393 animo
1215 1358 1369 1394 adortus
1400 1358 1542 1394 collum
1569 1359 1651 1405 ejus

92 1426 202 1457 tanta
221 1422 260 1456 vi
280 1421 442 1462 crecidit,
464 1426 505 1457 ut
522 1422 619 1457 illud
637 1422 908 1467 confringeret,
928 1427 965 1457 et
982 1428 1141 1469 uterque
1160 1423 1294 1458 oculus
1325 1425 1518 1460 eluscalus
1543 1427 1652 1471 genis

90 1485 310 1523 inhaereret.
328 1486 464 1533 Itaque
483 1486 573 1522 Dux
591 1487 684 1533 pede
702 1486 900 1522 Flovontis
918 1492 1129 1533 prostratus
1150 1489 1370 1535 exspiravit».
1394 1489 1539 1525 Verum
1557 1490 1650 1526 Flo-

91 1555 184 1586 vent
207 1563 214 1585 :
233 1551 325 1587 Haec
345 1556 395 1594 te,
420 1551 562 1598 inquit,
584 1551 708 1598 gratia
732 1552 870 1588 merito
891 1556 1035 1593 manet,
1055 1552 1102 1587 ob
1124 1553 1271 1589 nefaria
1292 1559 1370 1596 tua,
1391 1565 1474 1601 qua=
1494 1556 1652 1590 sufferre

98 1626 176 1652 non
198 1616 320 1662 potui,
342 1615 482 1659 verbm
503 1621 539 1651 et
554 1616 737 1652 continuo
757 1617 901 1652 aulicas
923 1616 969 1653 ad
988 1617 1086 1652 sores
1105 1617 1259 1653 recedit.

144 1680 360 1727 Imperator
387 1691 478 1716 vero
499 1692 637 1716 sonora
664 1692 756 1717 mee
777 1681 948 1717 clamans
974 1694 980 1715 :
1003 1682 1131 1724 Hunc,
1157 1682 1298 1729 inquit,
1320 1683 1523 1720 factiosum
1544 1697 1651 1721 com-

91 1745 330 1791 prehendite,
354 1750 532 1792 utquam
556 1745 632 1781 Lex
661 1746 877 1792 expostulat
906 1757 1060 1793 poenam
1093 1748 1234 1793 patrati
1263 1748 1446 1785 facinoris
1480 1751 1573 1786 luat.
1598 1750 1653 1787 At

90 1811 254 1846 Flovent
276 1810 457 1846 omnihus
474 1815 581 1845 tanto
604 1810 882 1846 familiaritatis
912 1816 949 1846 et
977 1812 1159 1848 amicitiae
1176 1813 1262 1859 jure
1294 1820 1375 1850 erat
1406 1815 1647 1862 conjunctus.

90 1880 133 1911 ut
153 1886 266 1911 nemo
284 1875 493 1909 cimanum
514 1875 654 1910 inferre
672 1875 800 1910 vellet.
825 1876 966 1912 Nullus
987 1882 1117 1913 tamen
1137 1879 1516 1926 consanguineorum
1536 1892 1652 1916 ausus

88 1939 164 1975 fuit
180 1950 308 1976 coram
335 1939 570 1985 Imperatore
591 1951 746 1976 causam
768 1941 848 1987 ejus
869 1941 994 1978 dicere
1027 1949 1092 1979 aut
1116 1943 1323 1990 deprecari.
1350 1947 1449 1981 Tum
1476 1946 1651 1993 Impera-

96 2010 156 2040 tor
175 2015 242 2051 per
260 2002 493 2050 Apostolum
516 2010 692 2040 sanctum
709 2006 867 2041 Petrum
893 2006 1051 2052 jurarit,
1076 2008 1302 2045 Floventem
1327 2011 1361 2046 si
1388 2010 1523 2047 Romae
1544 2023 1651 2047 com-

94 2069 306 2115 prehensus
348 2068 476 2111 fuerit,
518 2069 673 2115 capitali
707 2071 896 2117 supplicio
925 2072 1165 2117 puniendum
1200 2072 1266 2118 (cl).
1297 2074 1371 2109 Sed
1404 2076 1566 2110 Flox'ent
1606 2075 1652 2110 ad

91 2145 205 2169 suum
232 2133 445 2180 hospitium
467 2134 695 2178 acceleranS,
720 2136 929 2183 armigeros
951 2148 1039 2172 suos
1060 2136 1226 2173 Otunem
1260 2144 1296 2174 et
1315 2139 1520 2175 Jofreirem
1546 2141 1653 2189 (quos

91 2209 241 2244 semper
271 2209 399 2233 secum
434 2197 580 2246 habuit)
614 2200 764 2243 accivit,
790 2201 915 2248 iisque
944 2201 1204 2245 demandavit,
1239 2208 1282 2238 ut
1314 2215 1428 2250 quain
1463 2204 1653 2251 ocyssime

93 2273 211 2309 equos
230 2263 487 2305 instruerent&
513 2264 613 2310 quod
634 2264 707 2307 illi,
732 2265 778 2300 ad
799 2266 982 2302 mandata
1002 2278 1080 2303 non
1098 2272 1264 2310 tantum,
1289 2268 1355 2304 sed
1376 2269 1494 2305 etiarn
1512 2275 1652 2305 nutum

93 2327 249 2370 intenti,
274 2327 476 2374 perfecere.

143 2391 236 2427 Haec
270 2391 430 2427 audiens
450 2392 586 2438 hospes
613 2393 668 2440 (p.
694 2394 735 2440 9)
756 2395 946 2441 qufesivit,
972 2396 1063 2442 quid
1095 2397 1185 2432 novi
1205 2399 1329 2434 esset?
1360 2400 1431 2435 Cui
1452 2400 1616 2435 Florent
1640 2411 1648 2435 :

92 2456 307 2499 carissime,
331 2456 472 2503 inquit,
487 2457 666 2501 Domine,
687 2459 741 2494 sic
756 2459 856 2495 male
871 2460 1023 2504 accidit,
1047 2473 1116 2509 ego
1134 2463 1175 2498 iu
1186 2470 1391 2512 conspectu
1405 2465 1652 2512 Imperatoris

139 2624 180 2662 (ο)
204 2623 232 2653 Β
251 2622 275 2653 C
299 2634 305 2653 ι
331 2624 478 2663 gremio.
496 2623 526 2655 D
547 2627 582 2657 et
600 2624 626 2656 F
649 2637 655 2656 :
676 2626 849 2658 vestibus.

145 2674 195 2715 (α’)
224 2677 271 2706 A:
297 2680 359 2707 aut
380 2686 422 2707 ex
441 2679 514 2708 toto
537 2677 698 2710 Romano
721 2679 868 2721 imperio
890 2682 1203 2722 proscribendum.
1223 2684 1292 2717 Sed
1313 2686 1403 2718 sorte
1426 2687 1524 2721 Deus
1535 2688 1655 2721 Caesa-

101 2737 177 2759 rem
196 2728 324 2760 horum
346 2730 538 2761 verborum
555 2731 746 2772 aliquando
766 2734 940 2774 poenitere
961 2735 1083 2773 faciat3
1103 2746 1186 2768 nam
1211 2739 1261 2777 (ut
1281 2738 1373 2781 Mag.
1397 2740 1552 2774 Simonis
1572 2752 1657 2775 ver-

104 2781 160 2813 bis
183 2784 272 2823 utar)
294 2783 431 2813 saluum
456 2786 509 2815 est
528 2784 571 2815 ‹12
592 2793 805 2827 quacunapie
826 2797 861 2819 re
884 2788 988 2820 nimis
1010 2790 1197 2829 magnifiee
1220 2791 1328 2832 loqui.
