1881 3104
715 112 977 151 -141—

71 240 193 276 nerati
232 239 324 274 adeo
362 239 622 286 properastis?
658 240 837 275 Falsarus
876 252 1028 276 scenam
1059 240 1176 276 totius
1214 241 1282 282 rei,
1321 241 1377 275 uti
1409 248 1492 277 acta
1528 250 1623 290 erat,

70 304 274 341 enarravit.
296 303 443 347 Quibus
476 303 630 346 auditis,
661 302 844 341 Archirex
870 304 961 340 adeo
991 304 1208 346 excanduit,
1232 309 1275 339 ut
1314 305 1377 340 vix
1397 312 1495 341 esset
1515 319 1626 343 men-

68 370 118 405 tis
147 380 314 415 compos,
345 367 515 414 dixitque
538 379 545 400 :
570 368 735 404 Domine
767 369 984 404 Mahomete
1005 368 1067 415 (If)
1084 398 1091 411 ‚
1116 380 1209 403 num
1230 368 1328 404 mihi
1353 381 1474 416 usque
1504 371 1622 406 vitam

69 433 301 479 indulgebis,
330 432 450 469 donec
481 434 668 469 ultionem
700 433 798 468 tanti
833 433 971 469 excidii
998 433 1069 468 hoc
1100 444 1121 468 a
1150 433 1231 468 viro
1252 433 1422 479 petiero?
1444 433 1624 470 Falsarus

69 497 263 544 respondit
284 510 291 531 :
316 497 451 533 Manus
472 509 558 533 cum
579 497 895 543 praestantissimo
916 497 986 532 hoc
1008 498 1147 544 juvene
1174 508 1371 531 conserere
1399 497 1471 532 tibi
1493 497 1624 533 datum

67 566 141 604 est;
167 561 388 597 conflictum
409 562 513 597 enim
534 561 698 596 libent-er
715 561 916 604 desiderat,
932 558 1020 602 sed,
1042 572 1103 596 me
1125 561 1340 607 haruspice,
1364 556 1436 596 tibi
1469 562 1623 598 sinistro

68 626 196 661 omine
216 625 334 661 cedet.

119 690 309 726 Archirex
343 691 478 737 quaerit
495 690 596 726 unde
617 690 687 725 iste
708 689 785 725 sit?
804 690 982 725 Falsarus
1007 697 1148 732 autem,
1172 690 1265 725 illud
1283 702 1322 726 se
1344 693 1490 726 nescire
1512 691 1619 728 dixit.

65 755 138 790 Hic
159 766 246 790 vero
277 755 419 790 diutius
453 755 606 798 bellare,
637 756 773 802 inquit,
804 755 996 798 nolumus,
1030 757 1104 790 nisi
1139 756 1187 800 (p.
1221 753 1282 794 4⁶23*
1313 766 1380 790 nos
1413 766 1546 791 omnes
1576 756 1622 792 ad

65 831 185 855 unum
211 819 399 865 perditum
428 819 474 854 iri
499 821 764 864 maluerimus.
795 819 902 854 Tunc
932 819 1033 854 filius
1063 818 1286 862 Arcbiregis
1314 817 1359 868 (l)
1382 831 1389 854 ;
1415 820 1623 868 Nunquam

65 885 277 931 graviorem
311 884 509 919 infamiam
529 881 635 926 novi,
661 895 774 931 quam
796 895 915 919 unum
946 883 1221 919 conductitium
1251 884 1412 919 militem
1443 885 1536 920 adeo
1556 896 1623 920 ex—

64 951 276 991 timescere,
301 960 371 985 nec
392 949 477 984 talis
506 948 666 984 formido
699 948 902 983 diademati
931 958 994 983 tuo
1025 947 1128 983 addit
1154 957 1437 991 ornamentum,
1462 949 1527 984 sed
1550 961 1621 996 po-

63 1013 138 1049 tius
159 1019 195 1048 te
214 1014 331 1049 Rezis
353 1014 508 1049 nomine
529 1013 746 1048 inferiorem
771 1012 905 1048 reddit.
931 1012 1028 1047 Tum
1055 1013 1109 1047 illi
1138 1013 1356 1049 succensuit
1385 1013 1563 1050 Falsarus
1585 1020 1622 1050 et

62 1078 255 1125 respondit
275 1090 282 1113 ε
302 1079 404 1114 Licet
422 1089 501 1120 vos,
524 1080 661 1125 inquit,
681 1077 810 1113 decem
829 1077 990 1119 fueritis,
1015 1088 1149 1113 omnes
1168 1078 1324 1123 perinde
1340 1084 1439 1114 actu
1459 1078 1620 1125 superbe

62 1143 273 1190 loquentes,
298 1145 490 1190 armisque
510 1154 576 1189 pro
599 1143 753 1178 arbitrio
775 1142 973 1185 instructi,
998 1142 1106 1177 miles
1134 1153 1222 1178 vero
1250 1142 1313 1177 ille
1345 1142 1617 1185 conductitius,

62 1209 177 1243 unico
201 1214 347 1243 tantum
370 1208 509 1243 comite
540 1209 712 1254 stipatus,
741 1212 1009 1249 occurrereret‚
1034 1218 1081 1242 ne
1103 1206 1256 1254 quidem
1277 1218 1398 1243 unum
1427 1212 1493 1242 aut
1522 1208 1618 1243 alte-

64 1283 149 1308 rum
168 1273 338 1319 ejusdem
359 1274 476 1308 ictum
498 1273 741 1317 sustinueris,
763 1272 828 1307 sed
848 1274 968 1307 instar
989 1272 1205 1307 febricantis
1227 1271 1447 1316 cohorrens,
1468 1272 1617 1318 malles,

63 1337 124 1372 vel
156 1343 234 1373 toto
270 1343 333 1374 tuo
365 1348 478 1374 aureo
511 1338 704 1380 thesauro,
744 1348 990 1383 congressum
1031 1342 1198 1372 vestrum
1242 1347 1439 1384 nunquam
1478 1336 1619 1372 factum

65 1402 194 1438 fuisse.

116 1466 209 1501 Haec
240 1467 354 1502 verba
375 1467 491 1513 Regis
525 1468 601 1503 silio
634 1469 687 1503 sic
713 1468 826 1503 bilem
861 1473 1075 1508 moverunt,
1109 1472 1149 1502 ut
1171 1477 1372 1502 accurrens
1395 1466 1550 1501 verbera
1586 1468 1621 1502 ei

62 1532 283 1567 intentaret.
318 1532 425 1575 Quod
452 1544 538 1568 cum
561 1531 748 1568 Arcbirex
770 1532 929 1579 videret,
953 1532 1047 1567 dixit
1073 1544 1080 1567 τ
1106 1532 1190 1567 Nisi
1222 1532 1467 1567 contentione
1489 1538 1615 1566 vestra

59 1595 296 1639 abstiteritis,
321 1598 544 1643 pessimum,
567 1608 628 1632 me
654 1597 793 1639 hercle,
818 1597 933 1632 finem
951 1596 1116 1631 babebit.
1144 1596 1244 1631 Huic
1267 1596 1418 1630 illorum
1449 1595 1617 1630 sermoni

58 1661 141 1697 Rex
160 1660 404 1696 Corsablinus
433 1662 652 1702 intervenit,
676 1673 803 1708 quem,
827 1661 1024 1707 sanguinis
1045 1661 1230 1707 profluvio
1258 1660 1468 1706 deliquium
1496 1659 1614 1694 animi

57 1728 281 1771 patientem,
308 1725 494 1761 Archirex
515 1727 593 1772 ipse
613 1727 779 1772 erigebat
803 1738 810 1760 2
833 1737 965 1762 omnes
987 1736 1074 1760 vero
1098 1725 1254 1760 Etbnici
1275 1724 1611 1760 contristabantur.

58 1789 132 1825 Hic
170 1790 299 1826 animo
332 1796 497 1837 recepto,
532 1791 578 1826 ab
610 1789 819 1837 Archirege
856 1791 1134 1836 interrogatur:
1169 1789 1368 1834 Quomodo
1390 1800 1409 1824 e
1439 1789 1617 1824 manibus

57 1855 216 1900 pessimi
246 1854 346 1890 illius
388 1857 458 1890 viri
491 1860 526 1890 te
559 1855 745 1902 eripuisti,
780 1855 844 1902 qui
879 1855 986 1890 nobis
1021 1860 1170 1890 tantum
1204 1853 1423 1889 detrimenti
1458 1851 1616 1888 attulit?

56 1918 140 1956 Rex
175 1917 422 1954 Corsablinus
458 1922 657 1967 utriusque
680 1925 814 1955 mutua
842 1925 948 1966 gesta
975 1919 1163 1966 exposuit.
1199 1910 1339 1954 Postea
1367 1918 1484 1963 Regis
1517 1917 1618 1952 filius

55 1982 153 2018 dixit
183 1992 191 2021 Ζ
228 1983 448 2030 Nunquam,
478 1984 626 2020 medius
660 1984 785 2028 fidius,
825 1985 915 2020 tales
948 1984 1160 2031 proditores
1195 1983 1451 2025 invenientur,
1487 1982 1616 2028 quales

54 2058 123 2083 vos
155 2047 229 2083 duo
252 2048 390 2094 Reges,
415 2050 480 2095 qui
507 2049 618 2085 ambo
644 2061 763 2085 unum
786 2051 910 2085 virum
939 2049 1089 2095 magnis
1117 2048 1291 2084 laudibus
1319 2047 1473 2089 effertiS‚
1509 2051 1614 2082 tanto

54 2113 198 2148 scilicet
219 2123 355 2158 pavore
376 2114 554 2159 perculsi,
581 2119 623 2149 ut
645 2125 693 2150 ne
712 2114 863 2162 quidem
884 2115 934 2159 (p.
962 2111 1023 2161 43),
1046 2118 1292 2159 conspectum
1322 2111 1402 2158 ejus
1424 2111 1520 2146 ferre
1541 2121 1612 2157 po-

53 2177 218 2212 tueritis.
243 2177 303 2212 Ad
327 2189 410 2224 quae
444 2177 690 2214 Corsablinus
725 2191 732 2214 :
766 2182 818 2215 ita
850 2190 910 2214 me
943 2178 1185 2214 Mahumetes
1216 2182 1354 2219 servet,
1388 2176 1427 2210 ni
1461 2175 1611 2211 saucius

53 2251 176 2277 essem
194 2270 202 2282 ,
229 2242 311 2278 haec
334 2248 397 2278 tua
424 2243 538 2278 verba
559 2244 782 2291 ulciscerer,
814 2243 950 2291 quibus
978 2253 1039 2278 me
1066 2243 1104 2278 in
1127 2247 1336 2287 conspectu
1356 2239 1515 2276 Domini
1535 2239 1612 2274 mei

50 2305 276 2351 proditionis
312 2308 453 2353 arguis.
495 2307 588 2344 Haec
622 2308 834 2344 dicentibus
869 2309 1089 2354 supervenit
1120 2306 1341 2350 Marsibilla‚
1385 2303 1611 2350 Archiregis

51 2369 142 2412 filia,
166 2370 403 2418 Regiamque
422 2372 590 2416 intravit,
618 2373 749 2409 induta
778 2374 893 2420 pallio
911 2384 1025 2409 aureo
1048 2378 1085 2408 et
1102 2374 1230 2408 tunica
1250 2382 1297 2407 ex
1316 2370 1432 2417 panni
1451 2379 1603 2416 genere,

48 2434 150 2481 quod
167 2434 346 2472 Culatum
369 2435 435 2485 (m)
459 2437 646 2474 d1xerunt.
671 2438 752 2474 Hac
778 2439 924 2485 virgine
944 2443 1030 2485 post
1049 2439 1268 2485 passionem
1289 2435 1448 2471 Domini
1478 2433 1603 2470 nostri

49 2501 311 2536 venustiorem
349 2501 546 2538 foeminam
577 2503 723 2538 nullam
755 2503 886 2547 fuisse,
921 2503 1022 2538 sama
1056 2503 1301 2549 vulgaverat;
1344 2506 1379 2536 et
1419 2500 1517 2535 certe
1550 2497 1609 2533 vir

89 2627 142 2675 (k)
165 2635 273 2667 Addit
290 2637 316 2668 F
339 2649 345 2668 ε
367 2638 556 2681 Terogant‚
569 2640 696 2682 Apollo
716 2643 750 2673 et
769 2641 924 2683 Jupiter.

94 2687 133 2726 (l)
160 2689 215 2721 A:
239 2689 441 2723 Corduban.

96 2742 158 2781 (m)
181 2742 209 2773 B
225 2754 232 2773 ;
251 2742 399 2776 Culade.
