1881 3104
765 88 998 130 —97—

104 201 224 240 Tune
258 199 482 250 temporis,
517 202 694 238 sanetus
730 199 965 249 Dionysius
996 211 1020 237 a
1045 211 1156 249 papa
1177 199 1397 238 Clemente
1420 200 1585 240 missus
1607 201 1651 240 in

105 264 330 303 Franciam
350 264 468 302 venit
492 268 534 302 et
564 264 616 302 ad
651 263 932 302 christianam
962 263 1092 301 fidem
1119 275 1268 313 regem
1302 263 1572 303 Hlodoveum
1609 271 1651 304 et

106 331 202 380 ers
221 329 429 379 populum
455 331 496 366 et
515 327 794 367 Mirmantem
824 327 1021 375 adducit3
1046 327 1302 377 confugiunt
1322 328 1479 378 pagani
1498 329 1550 366 ad
1579 342 1650 368 co-

104 394 253 432 mitem
275 392 471 432 Saxoniae
491 392 800 439 Hermannum,
822 393 890 430 vel
916 392 1133 443 Hispaniae
1154 404 1302 443 regem
1324 392 1586 444 Baeringum,
1611 399 1653 433 et

102 458 241 497 iratus
264 458 481 496 Hermann
502 457 772 496 Hlodoveum
801 460 926 508 rogat
946 461 993 496 ut
1015 458 1067 495 ad
1091 469 1137 495 se
1159 457 1439 496 Mirmantem
1461 459 1653 498 remittat

109 523 207 572 (vii).
248 523 399 562 Redux
430 522 642 561 Mirmans
671 522 844 573 probris
876 525 918 560 et
942 522 1147 561 conviciis
1170 515 1403 573 excipitur;
1427 523 1652 574 iratusque

104 587 220 626 filius
261 591 426 638 patrem
462 587 547 626 sibi
583 590 766 625 mortem
799 586 1008 625 minatum
1041 586 1184 637 gladio
1221 587 1453 626 transfodit
1489 590 1651 639 (vin-x).

104 651 261 691 Comes
278 652 449 703 Eaering
464 652 506 690 in
523 651 749 690 Franciam
767 664 864 690 eum
884 651 1073 690 exercitu
1094 655 1303 702 penetrat,
1323 652 1400 690 sed
1423 653 1461 690 ei
1481 654 1652 693 obviam

102 722 205 756 eunt
237 717 487 756 lllodoveus
521 719 563 754 et
585 716 800 755 Mirmans
837 724 875 755 et
896 716 939 754 in
961 716 1172 767 singulari
1194 717 1428 755 certamine
1450 718 1653 757 comitem

101 782 288 821 devincit
309 782 546 828 Blirmans,
568 782 776 832 fugatque
802 794 994 833 paganos
1022 782 1104 833 (m).
1131 781 1272 829 Quum
1299 781 1578 821 Mirmantem
1601 785 1653 822 ad

103 860 148 887 se
175 849 423 886 revocasset
443 849 581 884 mater
600 846 793 896 Brigida‚
819 845 906 884 filio
934 846 1297 884 medicamentum
1319 846 1390 884 dat
1413 858 1497 896 quo
1526 849 1652 898 paulo

102 915 202 963 post
223 924 381 962 corpus
405 915 543 950 totum
564 912 684 962 lepra
706 911 908 950 inficitur.
935 911 1072 959 Quam
1093 911 1197 949 nulli
1221 923 1353 961 quum
1377 918 1557 962 possent
1584 926 1653 952 sa-

101 989 203 1015 nare
226 977 395 1023 medici,
413 978 534 1015 solus
556 976 599 1014 in
615 976 788 1015 deserta
803 977 930 1015 domo
949 988 1045 1015 eum
1062 976 1234 1014 duobus
1254 977 1393 1015 servis
1408 977 1652 1016 Godel'redo

102 1046 144 1080 et
157 1042 345 1093 Rogerio
358 1041 476 1087 vivit,
489 1041 605 1080 itaut
618 1046 836 1080 mortuum
853 1041 1239 1080 esseMirmantem
1257 1042 1511 1092 vulgaretur
1523 1045 1651 1081 l'ama.

101 1106 186 1145 Sed
206 1106 453 1156 incognitus
470 1106 623 1144 urbem
645 1106 908 1151 Valerinam,
933 1106 975 1144 in
1009 1105 1169 1151 Sicilia,
1207 1106 1341 1156 petit;
1381 1107 1441 1144 ibi
1471 1107 1652 1146 florebat

100 1170 218 1221 regis
236 1170 450 1209 willelmi
472 1170 560 1209 filia
588 1170 760 1216 Ceeilia,
786 1171 1008 1209 medicinae
1029 1170 1296 1221 peritissima
1323 1174 1364 1210 et
1385 1172 1526 1210 omnis
1556 1185 1651 1211 mu-

98 1235 248 1274 liebris
268 1235 505 1286 disciplinae
530 1236 723 1287 (xii—xiv).
751 1240 853 1283 Quae
874 1249 1065 1274 vermem
1087 1236 1129 1274 in
1153 1238 1248 1286 ejus
1271 1237 1399 1275 corde
1429 1241 1651 1276 versatum

100 1299 288 1351 agnovit,
327 1303 368 1338 et
398 1312 474 1351 per
499 1300 863 1339 medicamentum
886 1304 975 1339 arte
997 1304 1217 1351 paratum,
1247 1301 1478 1351 adjuvante
1507 1302 1652 1340 divina

98 1365 383 1411 invocatione,
409 1365 586 1415 expulit.
611 1364 817 1403 Sanatum
834 1365 1113 1403 Mirmantem
1132 1369 1173 1403 et
1195 1365 1334 1403 redire
1358 1365 1400 1403 in
1422 1365 1649 1404 Franciam

99 1432 361 1468 statuentem
385 1429 587 1479 implorat
609 1429 768 1468 Cecilia
784 1432 830 1467 ut
851 1441 999 1468 seeum
1022 1430 1147 1480 patrii
1172 1430 1292 1480 regni
1317 1430 1535 1481 particeps
1559 1431 1647 1469 ssat.

99 1494 240 1541 Quum
262 1493 518 1532 Lueidarius
544 1489 808 1533 Danubianae
830 1494 1022 1544 regionis
1045 1484 1118 1532 rex
1146 1495 1196 1532 ad
1229 1495 1381 1533 urbem
1417 1495 1572 1534 [Ttrent
1608 1496 1650 1533 in

98 1559 255 1609 Apulia
280 1551 494 1596 immensa
515 1571 612 1597 eum
635 1559 790 1604 classe,
816 1558 1007 1597 Siciliam
1030 1559 1162 1597 armis
1186 1559 1428 1609 petiturus,
1454 1560 1648 1610 appulis-

98 1627 178 1669 set,
205 1625 300 1673 ejus
323 1623 558 1662 exereitum
586 1623 708 1673 fugat
728 1623 956 1670 Mirmans,
979 1627 1019 1661 ct
1039 1623 1177 1661 victor
1204 1623 1422 1669 Ceciliam,
1460 1625 1528 1663 eui
1561 1629 1649 1663 tum

98 1688 272 1726 demum
294 1700 451 1726 nomen
482 1691 523 1726 et
546 1687 756 1738 originem
789 1688 939 1738 aperit,
963 1701 1141 1726 uxorem
1169 1688 1286 1726 ducit
1314 1689 1502 1739 lxv-xxi).
1528 1690 1649 1729 Ceci-

96 1752 154 1790 lia
175 1752 451 1799 eoncedente,
476 1751 588 1790 redit
609 1752 653 1790 in
674 1752 921 1799 Franciam;
947 1753 1023 1791 sed
1047 1756 1146 1791 tune
1174 1753 1358 1791 moritur
1382 1753 1647 1795 HlodoveuS.

98 1828 280 1867 puerum
303 1816 504 1866 linquens
527 1817 667 1855 adbuc
686 1820 807 1855 {etate
831 1820 1052 1863 tenerum3
1077 1821 1119 1856 at.
1149 1817 1387 1855 Katbarina
1418 1829 1511 1868 quae
1541 1818 1651 1857 Mir·

97 1884 285 1918 mantem
307 1880 488 1931 deperit,
514 1881 692 1931 perfidis
716 1881 852 1919 utitur
867 1881 1105 1920 artibusita
1122 1885 1167 1920 ut
1183 1881 1648 1929 CeciliaMirmantem,

96 1945 309 1984 Mirmans
332 1945 535 1985 Ceciliam
555 1945 773 1984 infidelem
794 1949 916 1997 putet
941 1947 1195 1997 (xxii-xxm).
1218 1947 1336 1985 Tunc
1359 1947 1531 1993 Cecilia,
1548 1947 1649 1986 viri-

95 2010 159 2048 les
192 2013 339 2048 vestes
373 2010 570 2056 induens,
605 2010 686 2049 sub
717 2011 889 2049 nomine
914 2011 1084 2049 comitis
1110 2011 1264 2061 lliring
1285 2011 1525 2058 Venetiam,
1552 2025 1649 2051 eum

97 2074 317 2124 equitibus
341 2075 391 2112 ad
414 2075 643 2113 Saxoniam
666 2075 816 2122 tendit,
841 2088 1074 2126 regemque
1101 2079 1147 2114 ut
1164 2076 1325 2114 bellum
1339 2076 1561 2115 Mirmanti
1584 2077 1650 2115 in-

96 2142 220 2189 gerat
242 2139 430 2177 adducit.
466 2139 678 2178 Mirmans
700 2140 907 2178 divinitus
931 2140 982 2177 ab
1010 2140 1164 2190 Hiring
1205 2143 1247 2178 et
1281 2140 1439 2179 Cecilia
1468 2154 1648 2192 supera—

96 2208 181 2251 tus,
206 2203 445 2242 Katharina
477 2204 519 2242 in
547 2216 778 2246 carcerem,
805 2204 1018 2255 supplicio
1044 2204 1284 2250 afficienda,
1310 2207 1515 2255 projecta,
1546 2219 1649 2245 uxo-

97 2281 189 2307 rem
218 2268 428 2319 agnoscit,
454 2271 612 2307 etcum
639 2282 710 2314 ea,
736 2270 860 2307 venia
889 2273 1078 2320 accepta,
1112 2269 1150 2307 in
1185 2269 1375 2308 Siciliam
1407 2270 1517 2308 redit
1549 2283 1647 2320 qua,

98 2337 268 2372 mortuo
289 2333 530 2379 Wisselmo,
555 2346 632 2384 per
651 2347 703 2371 xx
734 2346 869 2372 annos
903 2334 1093 2384 gloriose
1123 2334 1300 2385 potitur.
1331 2335 1519 2373 Ultimos
1553 2335 1650 2372 vitw

99 2399 191 2438 dies
214 2398 256 2436 in
278 2398 466 2436 claustro
490 2401 703 2448 peragunt
727 2410 857 2436 :num
886 2398 1118 2438 habuerint
1150 2404 1289 2446 natos,
1326 2400 1568 2446 nescimus;
1609 2404 1651 2438 et

99 2475 231 2513 quum
254 2462 360 2500 nihil
397 2463 494 2513 plus
527 2463 837 2510 audiverimus,
874 2462 1003 2501 finem
1035 2464 1283 2503 Mirmantis
1319 2466 1441 2514 Sagae
1470 2463 1539 2502 hie
1567 2463 1647 2501 im-

98 2527 299 2578 ponimus
324 2526 585 2577 (miv-xxvi).

151 2593 270 2631 Hanc
292 2603 442 2643 sagam
465 2592 600 2631 eredit
622 2593 826 2644 Koelbing
847 2593 873 2641 1,
897 2593 997 2643 quia
1017 2593 1239 2632 nominum
1263 2592 1538 2643 propriorum
1561 2596 1649 2631 ter-

142 2717 169 2748 1.
194 2716 234 2748 Ρ.
256 2725 361 2748 xnvn.
