<?xml version="1.0" encoding="UTF-8"?>
<!DOCTYPE html PUBLIC "-//W3C//DTD XHTML 1.0 Transitional//EN"
    "http://www.w3.org/TR/xhtml1/DTD/xhtml1-transitional.dtd">
<html xmlns="http://www.w3.org/1999/xhtml" xml:lang="en" lang="en">
 <head>
  <title>
</title>
<meta http-equiv="Content-Type" content="text/html;charset=utf-8" />
  <meta name='ocr-system' content='tesseract 3.04.00' />
  <meta name='ocr-capabilities' content='ocr_page ocr_carea ocr_par ocr_line ocrx_word'/>
</head>
<body>
  <div class='ocr_page' id='page_1' title='image "./defloovantevetus00darmuoft_0099.png"; bbox 0 0 1881 3104; ppageno 0'>
   <div class='ocr_carea' id='block_1_1' title="bbox 142 192 1705 2586">
    <p class='ocr_par' dir='ltr' id='par_1_1' title="bbox 151 192 1705 503">
     <span class='ocr_line' id='line_1_1' title="bbox 154 192 1702 245; baseline 0.004 -13"><span class='ocrx_word' id='word_1_1' title='bbox 154 194 327 245; x_wconf 88' lang='lat' dir='ltr'>pietatis</span> <span class='ocrx_word' id='word_1_2' title='bbox 348 193 465 231; x_wconf 60' lang='lat' dir='ltr'>venit</span> <span class='ocrx_word' id='word_1_3' title='bbox 483 196 529 232; x_wconf 88' lang='lat' dir='ltr'>ut</span> <span class='ocrx_word' id='word_1_4' title='bbox 550 205 626 232; x_wconf 75' lang='lat' dir='ltr'>sex</span> <span class='ocrx_word' id='word_1_5' title='bbox 640 192 757 231; x_wconf 72' lang='lat' dir='ltr'>viros</span> <span class='ocrx_word' id='word_1_6' title='bbox 779 196 952 231; x_wconf 88' lang='lat' dir='ltr'>sanctos</span> <span class='ocrx_word' id='word_1_7' title='bbox 975 192 1117 231; x_wconf 67' lang='lat' dir='ltr'>etvita</span> <span class='ocrx_word' id='word_1_8' title='bbox 1134 193 1401 233; x_wconf 82' lang='lat' dir='ltr'>clarissimos</span> <span class='ocrx_word' id='word_1_9' title='bbox 1420 196 1702 238; x_wconf 87' lang='lat' dir='ltr'>interimeret.</span> 
     </span>
     <span class='ocr_line' id='line_1_2' title="bbox 152 257 1705 309; baseline 0.004 -13"><span class='ocrx_word' id='word_1_10' title='bbox 152 259 337 297; x_wconf 89' lang='lat' dir='ltr'>Demum</span> <span class='ocrx_word' id='word_1_11' title='bbox 366 258 551 296; x_wconf 84' lang='lat' dir='ltr'>feliciori</span> <span class='ocrx_word' id='word_1_12' title='bbox 572 258 701 308; x_wconf 69' lang='lat' dir='ltr'>Papae</span> <span class='ocrx_word' id='word_1_13' title='bbox 730 257 941 308; x_wconf 82' lang='lat' dir='ltr'>Sylvestri</span> <span class='ocrx_word' id='word_1_14' title='bbox 972 257 1102 295; x_wconf 91' lang='lat' dir='ltr'>ductu</span> <span class='ocrx_word' id='word_1_15' title='bbox 1134 259 1495 309; x_wconf 74' lang='lat' dir='ltr'>exspergefactus</span> <span class='ocrx_word' id='word_1_16' title='bbox 1526 263 1705 302; x_wconf 78' lang='lat' dir='ltr'>meliora</span> 
     </span>
     <span class='ocr_line' id='line_1_3' title="bbox 153 321 1703 374; baseline 0.003 -12"><span class='ocrx_word' id='word_1_17' title='bbox 153 323 367 374; x_wconf 89' lang='lat' dir='ltr'>sapuit....</span> <span class='ocrx_word' id='word_1_18' title='bbox 404 323 482 361; x_wconf 90' lang='lat' dir='ltr'>Hic</span> <span class='ocrx_word' id='word_1_19' title='bbox 527 322 657 361; x_wconf 90' lang='lat' dir='ltr'>etiam</span> <span class='ocrx_word' id='word_1_20' title='bbox 697 322 924 360; x_wconf 83' lang='lat' dir='ltr'>AEthnicos</span> <span class='ocrx_word' id='word_1_21' title='bbox 965 334 1081 373; x_wconf 82' lang='lat' dir='ltr'>saepe</span> <span class='ocrx_word' id='word_1_22' title='bbox 1116 321 1392 362; x_wconf 77' lang='lat' dir='ltr'>incursantes</span> <span class='ocrx_word' id='word_1_23' title='bbox 1441 328 1616 365; x_wconf 85' lang='lat' dir='ltr'>strenue</span> <span class='ocrx_word' id='word_1_24' title='bbox 1657 340 1703 366; x_wconf 89' lang='lat' dir='ltr'>se</span> 
     </span>
     <span class='ocr_line' id='line_1_4' title="bbox 151 387 1700 442; baseline 0.002 -15"><span class='ocrx_word' id='word_1_25' title='bbox 151 388 423 434; x_wconf 68' lang='lat' dir='ltr'>vindicando,</span> <span class='ocrx_word' id='word_1_26' title='bbox 459 387 592 426; x_wconf 89' lang='lat' dir='ltr'>armis</span> <span class='ocrx_word' id='word_1_27' title='bbox 623 399 717 437; x_wconf 81' lang='lat' dir='ltr'>quae</span> <span class='ocrx_word' id='word_1_28' title='bbox 739 387 903 438; x_wconf 89' lang='lat' dir='ltr'>optima</span> <span class='ocrx_word' id='word_1_29' title='bbox 933 387 1132 438; x_wconf 79' lang='lat' dir='ltr'>possedit</span> <span class='ocrx_word' id='word_1_30' title='bbox 1166 388 1415 438; x_wconf 73' lang='lat' dir='ltr'>profligavit</span> <span class='ocrx_word' id='word_1_31' title='bbox 1450 405 1469 424; x_wconf 86' lang='lat'>»</span> <span class='ocrx_word' id='word_1_32' title='bbox 1509 392 1561 441; x_wconf 86' lang='lat' dir='ltr'>(p.</span> <span class='ocrx_word' id='word_1_33' title='bbox 1598 392 1700 442; x_wconf 72' lang='lat'>123).</span> 
     </span>
     <span class='ocr_line' id='line_1_5' title="bbox 152 452 1294 503; baseline -0.002 -11"><span class='ocrx_word' id='word_1_34' title='bbox 152 453 272 492; x_wconf 86' lang='lat' dir='ltr'>Idem</span> <span class='ocrx_word' id='word_1_35' title='bbox 295 461 362 492; x_wconf 86' lang='lat' dir='ltr'>est</span> <span class='ocrx_word' id='word_1_36' title='bbox 382 465 429 492; x_wconf 90' lang='lat' dir='ltr'>ac</span> <span class='ocrx_word' id='word_1_37' title='bbox 450 452 644 491; x_wconf 82' lang='lat' dir='ltr'>Sansone</span> <span class='ocrx_word' id='word_1_38' title='bbox 666 452 748 491; x_wconf 92' lang='lat' dir='ltr'>iste</span> <span class='ocrx_word' id='word_1_39' title='bbox 771 464 899 502; x_wconf 86' lang='lat' dir='ltr'>quem</span> <span class='ocrx_word' id='word_1_40' title='bbox 920 455 1134 490; x_wconf 66' lang='lat' dir='ltr'>noverunt</span> <span class='ocrx_word' id='word_1_41' title='bbox 1153 452 1294 503; x_wconf 88' lang='lat' dir='ltr'>Regii.</span> 
     </span>
    </p>

    <p class='ocr_par' dir='ltr' id='par_1_2' title="bbox 147 517 1703 1088">
     <span class='ocr_line' id='line_1_6' title="bbox 205 517 1703 569; baseline 0.001 -12"><span class='ocrx_word' id='word_1_42' title='bbox 205 519 304 564; x_wconf 85' lang='lat' dir='ltr'>Sed,</span> <span class='ocrx_word' id='word_1_43' title='bbox 342 518 456 569; x_wconf 86' lang='lat' dir='ltr'>quod</span> <span class='ocrx_word' id='word_1_44' title='bbox 489 519 633 568; x_wconf 83' lang='lat' dir='ltr'>majus</span> <span class='ocrx_word' id='word_1_45' title='bbox 669 520 747 564; x_wconf 88' lang='lat' dir='ltr'>est,</span> <span class='ocrx_word' id='word_1_46' title='bbox 782 517 825 555; x_wconf 91' lang='lat' dir='ltr'>in</span> <span class='ocrx_word' id='word_1_47' title='bbox 858 517 960 555; x_wconf 91' lang='lat' dir='ltr'>holl.</span> <span class='ocrx_word' id='word_1_48' title='bbox 998 517 1242 567; x_wconf 87' lang='lat' dir='ltr'>fragmento</span> <span class='ocrx_word' id='word_1_49' title='bbox 1287 518 1512 557; x_wconf 88' lang='lat' dir='ltr'>eremitam</span> <span class='ocrx_word' id='word_1_50' title='bbox 1548 519 1703 558; x_wconf 87' lang='lat' dir='ltr'>Lucari</span> 
     </span>
     <span class='ocr_line' id='line_1_7' title="bbox 151 581 1703 634; baseline 0.001 -11"><span class='ocrx_word' id='word_1_51' title='bbox 151 588 348 623; x_wconf 84' lang='lat' dir='ltr'>vocatum</span> <span class='ocrx_word' id='word_1_52' title='bbox 369 583 482 621; x_wconf 87' lang='lat' dir='ltr'>inter</span> <span class='ocrx_word' id='word_1_53' title='bbox 502 583 783 633; x_wconf 87' lang='lat' dir='ltr'>pugnandum</span> <span class='ocrx_word' id='word_1_54' title='bbox 805 581 946 633; x_wconf 89' lang='lat' dir='ltr'>perire</span> <span class='ocrx_word' id='word_1_55' title='bbox 963 581 1164 620; x_wconf 77' lang='lat' dir='ltr'>videmus</span> <span class='ocrx_word' id='word_1_56' title='bbox 1187 582 1214 619; x_wconf 76' lang='lat'>1.</span> <span class='ocrx_word' id='word_1_57' title='bbox 1245 581 1327 629; x_wconf 87' lang='lat' dir='ltr'>Qui</span> <span class='ocrx_word' id='word_1_58' title='bbox 1347 595 1594 634; x_wconf 75' lang='lat' dir='ltr'>quanquam</span> <span class='ocrx_word' id='word_1_59' title='bbox 1618 598 1703 624; x_wconf 90' lang='lat' dir='ltr'>non</span> 
     </span>
     <span class='ocr_line' id='line_1_8' title="bbox 149 646 1700 694; baseline 0.001 -7"><span class='ocrx_word' id='word_1_60' title='bbox 149 651 193 688; x_wconf 87' lang='lat' dir='ltr'>in</span> <span class='ocrx_word' id='word_1_61' title='bbox 225 648 459 694; x_wconf 74' lang='lat' dir='ltr'>Floventis,</span> <span class='ocrx_word' id='word_1_62' title='bbox 492 647 536 685; x_wconf 91' lang='lat' dir='ltr'>id</span> <span class='ocrx_word' id='word_1_63' title='bbox 564 651 631 686; x_wconf 90' lang='lat' dir='ltr'>est</span> <span class='ocrx_word' id='word_1_64' title='bbox 656 647 792 693; x_wconf 86' lang='lat' dir='ltr'>Fiovi,</span> <span class='ocrx_word' id='word_1_65' title='bbox 826 647 903 685; x_wconf 88' lang='lat' dir='ltr'>sed</span> <span class='ocrx_word' id='word_1_66' title='bbox 924 647 967 684; x_wconf 89' lang='lat' dir='ltr'>in</span> <span class='ocrx_word' id='word_1_67' title='bbox 986 646 1249 694; x_wconf 71' lang='lat' dir='ltr'>Floovantis,</span> <span class='ocrx_word' id='word_1_68' title='bbox 1274 647 1316 685; x_wconf 89' lang='lat' dir='ltr'>id</span> <span class='ocrx_word' id='word_1_69' title='bbox 1339 652 1406 686; x_wconf 89' lang='lat' dir='ltr'>est</span> <span class='ocrx_word' id='word_1_70' title='bbox 1427 648 1700 689; x_wconf 64' lang='lat' dir='ltr'>Fioravantis</span> 
     </span>
     <span class='ocr_line' id='line_1_9' title="bbox 152 712 1697 766; baseline 0.001 -14"><span class='ocrx_word' id='word_1_71' title='bbox 152 714 348 755; x_wconf 83' lang='lat' dir='ltr'>historia,</span> <span class='ocrx_word' id='word_1_72' title='bbox 382 716 526 764; x_wconf 89' lang='lat' dir='ltr'>partes</span> <span class='ocrx_word' id='word_1_73' title='bbox 561 725 664 751; x_wconf 88' lang='lat' dir='ltr'>suas</span> <span class='ocrx_word' id='word_1_74' title='bbox 693 713 794 763; x_wconf 87' lang='lat' dir='ltr'>agit,</span> <span class='ocrx_word' id='word_1_75' title='bbox 821 725 917 751; x_wconf 90' lang='lat' dir='ltr'>cum</span> <span class='ocrx_word' id='word_1_76' title='bbox 938 715 1087 751; x_wconf 87' lang='lat' dir='ltr'>nostro</span> <span class='ocrx_word' id='word_1_77' title='bbox 1111 712 1304 751; x_wconf 83' lang='lat' dir='ltr'>Sansone</span> <span class='ocrx_word' id='word_1_78' title='bbox 1328 714 1514 753; x_wconf 85' lang='lat' dir='ltr'>conferri</span> <span class='ocrx_word' id='word_1_79' title='bbox 1539 719 1697 766; x_wconf 86' lang='lat' dir='ltr'>potest,</span> 
     </span>
     <span class='ocr_line' id='line_1_10' title="bbox 152 777 1701 829; baseline 0.002 -12"><span class='ocrx_word' id='word_1_80' title='bbox 152 779 266 829; x_wconf 82' lang='lat' dir='ltr'>quia,</span> <span class='ocrx_word' id='word_1_81' title='bbox 292 783 339 817; x_wconf 88' lang='lat' dir='ltr'>ut</span> <span class='ocrx_word' id='word_1_82' title='bbox 370 778 482 816; x_wconf 81' lang='lat' dir='ltr'>infra</span> <span class='ocrx_word' id='word_1_83' title='bbox 499 777 760 823; x_wconf 74' lang='lat' dir='ltr'>videbimus,</span> <span class='ocrx_word' id='word_1_84' title='bbox 784 777 905 816; x_wconf 75' lang='lat' dir='ltr'>Fiovi</span> <span class='ocrx_word' id='word_1_85' title='bbox 926 780 968 816; x_wconf 86' lang='lat' dir='ltr'>et</span> <span class='ocrx_word' id='word_1_86' title='bbox 988 777 1264 817; x_wconf 72' lang='lat' dir='ltr'>Fioravantis</span> <span class='ocrx_word' id='word_1_87' title='bbox 1286 791 1371 817; x_wconf 87' lang='lat' dir='ltr'>una</span> <span class='ocrx_word' id='word_1_88' title='bbox 1392 792 1439 818; x_wconf 88' lang='lat' dir='ltr'>ac</span> <span class='ocrx_word' id='word_1_89' title='bbox 1462 781 1612 820; x_wconf 81' lang='lat' dir='ltr'>eadem</span> <span class='ocrx_word' id='word_1_90' title='bbox 1635 785 1701 820; x_wconf 89' lang='lat' dir='ltr'>est</span> 
     </span>
     <span class='ocr_line' id='line_1_11' title="bbox 151 842 1701 895; baseline 0.002 -14"><span class='ocrx_word' id='word_1_91' title='bbox 151 843 310 881; x_wconf 82' lang='lat' dir='ltr'>fabula.</span> <span class='ocrx_word' id='word_1_92' title='bbox 337 842 610 882; x_wconf 88' lang='lat' dir='ltr'>Credendum</span> <span class='ocrx_word' id='word_1_93' title='bbox 638 846 705 881; x_wconf 91' lang='lat' dir='ltr'>est</span> <span class='ocrx_word' id='word_1_94' title='bbox 735 843 870 893; x_wconf 88' lang='lat' dir='ltr'>igitur</span> <span class='ocrx_word' id='word_1_95' title='bbox 904 843 1094 881; x_wconf 59' lang='lat' dir='ltr'>eremitae</span> <span class='ocrx_word' id='word_1_96' title='bbox 1119 847 1264 894; x_wconf 86' lang='lat' dir='ltr'>partes</span> <span class='ocrx_word' id='word_1_97' title='bbox 1298 844 1532 895; x_wconf 87' lang='lat' dir='ltr'>ampliores</span> <span class='ocrx_word' id='word_1_98' title='bbox 1563 846 1701 885; x_wconf 83' lang='lat' dir='ltr'>fuisse</span> 
     </span>
     <span class='ocr_line' id='line_1_12' title="bbox 150 907 1702 961; baseline 0.003 -16"><span class='ocrx_word' id='word_1_99' title='bbox 150 907 237 958; x_wconf 85' lang='lat' dir='ltr'>qui,</span> <span class='ocrx_word' id='word_1_100' title='bbox 271 907 372 946; x_wconf 88' lang='lat' dir='ltr'>olim</span> <span class='ocrx_word' id='word_1_101' title='bbox 398 908 594 955; x_wconf 74' lang='lat' dir='ltr'>bellator,</span> <span class='ocrx_word' id='word_1_102' title='bbox 628 920 651 946; x_wconf 93' lang='lat' dir='ltr'>a</span> <span class='ocrx_word' id='word_1_103' title='bbox 680 908 903 958; x_wconf 65' lang='lat' dir='ltr'>Sylvestro</span> <span class='ocrx_word' id='word_1_104' title='bbox 932 920 1043 958; x_wconf 87' lang='lat' dir='ltr'>papa</span> <span class='ocrx_word' id='word_1_105' title='bbox 1075 907 1337 958; x_wconf 79' lang='lat' dir='ltr'>baptizatus,</span> <span class='ocrx_word' id='word_1_106' title='bbox 1362 909 1405 947; x_wconf 91' lang='lat' dir='ltr'>in</span> <span class='ocrx_word' id='word_1_107' title='bbox 1427 910 1702 961; x_wconf 69' lang='lat' dir='ltr'>triumjuve-</span> 
     </span>
     <span class='ocr_line' id='line_1_13' title="bbox 148 972 1701 1024; baseline 0.002 -13"><span class='ocrx_word' id='word_1_108' title='bbox 148 985 251 1011; x_wconf 91' lang='lat' dir='ltr'>num</span> <span class='ocrx_word' id='word_1_109' title='bbox 297 973 547 1012; x_wconf 80' lang='lat' dir='ltr'>sodalitium</span> <span class='ocrx_word' id='word_1_110' title='bbox 577 972 788 1023; x_wconf 80' lang='lat' dir='ltr'>accipitur</span> <span class='ocrx_word' id='word_1_111' title='bbox 821 976 863 1010; x_wconf 91' lang='lat' dir='ltr'>et</span> <span class='ocrx_word' id='word_1_112' title='bbox 902 985 1052 1011; x_wconf 90' lang='lat' dir='ltr'>eorum</span> <span class='ocrx_word' id='word_1_113' title='bbox 1085 972 1185 1011; x_wconf 68' lang='lat' dir='ltr'>vitae</span> <span class='ocrx_word' id='word_1_114' title='bbox 1215 974 1432 1024; x_wconf 83' lang='lat' dir='ltr'>particeps</span> <span class='ocrx_word' id='word_1_115' title='bbox 1466 974 1536 1022; x_wconf 85' lang='lat' dir='ltr'>fit,</span> <span class='ocrx_word' id='word_1_116' title='bbox 1563 975 1701 1014; x_wconf 80' lang='lat' dir='ltr'>donec</span> 
     </span>
     <span class='ocr_line' id='line_1_14' title="bbox 147 1037 993 1088; baseline 0 -12"><span class='ocrx_word' id='word_1_117' title='bbox 147 1041 333 1076; x_wconf 90' lang='lat' dir='ltr'>mortem</span> <span class='ocrx_word' id='word_1_118' title='bbox 354 1038 467 1076; x_wconf 83' lang='lat' dir='ltr'>inter</span> <span class='ocrx_word' id='word_1_119' title='bbox 486 1038 768 1088; x_wconf 87' lang='lat' dir='ltr'>pugnandum</span> <span class='ocrx_word' id='word_1_120' title='bbox 788 1037 993 1076; x_wconf 77' lang='lat' dir='ltr'>inveniat.</span> 
     </span>
    </p>

    <p class='ocr_par' dir='ltr' id='par_1_3' title="bbox 146 1102 1699 1411">
     <span class='ocr_line' id='line_1_15' title="bbox 201 1102 1699 1154; baseline 0.001 -13"><span class='ocrx_word' id='word_1_121' title='bbox 201 1102 325 1141; x_wconf 83' lang='lat' dir='ltr'>Unde</span> <span class='ocrx_word' id='word_1_122' title='bbox 349 1103 439 1141; x_wconf 64' lang='lat' dir='ltr'>hzcc</span> <span class='ocrx_word' id='word_1_123' title='bbox 459 1102 615 1140; x_wconf 89' lang='lat' dir='ltr'>island.</span> <span class='ocrx_word' id='word_1_124' title='bbox 651 1104 704 1153; x_wconf 66' lang='lat' dir='ltr'>(et</span> <span class='ocrx_word' id='word_1_125' title='bbox 733 1102 940 1151; x_wconf 89' lang='lat' dir='ltr'>holland.)</span> <span class='ocrx_word' id='word_1_126' title='bbox 974 1106 1118 1142; x_wconf 74' lang='lat' dir='ltr'>textus</span> <span class='ocrx_word' id='word_1_127' title='bbox 1153 1115 1250 1142; x_wconf 92' lang='lat' dir='ltr'>cum</span> <span class='ocrx_word' id='word_1_128' title='bbox 1285 1103 1424 1154; x_wconf 89' lang='lat' dir='ltr'>primo</span> <span class='ocrx_word' id='word_1_129' title='bbox 1460 1103 1699 1154; x_wconf 81' lang='lat' dir='ltr'>Regiorum</span> 
     </span>
     <span class='ocr_line' id='line_1_16' title="bbox 146 1167 1699 1219; baseline 0.001 -13"><span class='ocrx_word' id='word_1_130' title='bbox 146 1167 258 1206; x_wconf 89' lang='lat' dir='ltr'>libro</span> <span class='ocrx_word' id='word_1_131' title='bbox 281 1167 384 1206; x_wconf 87' lang='lat' dir='ltr'>oriri</span> <span class='ocrx_word' id='word_1_132' title='bbox 406 1167 547 1218; x_wconf 91' lang='lat' dir='ltr'>potuit</span> <span class='ocrx_word' id='word_1_133' title='bbox 570 1167 889 1213; x_wconf 87' lang='lat' dir='ltr'>concordantia,</span> <span class='ocrx_word' id='word_1_134' title='bbox 920 1167 1005 1206; x_wconf 87' lang='lat' dir='ltr'>nisi</span> <span class='ocrx_word' id='word_1_135' title='bbox 1037 1181 1113 1219; x_wconf 91' lang='lat' dir='ltr'>per</span> <span class='ocrx_word' id='word_1_136' title='bbox 1139 1171 1303 1206; x_wconf 78' lang='lat' dir='ltr'>textum</span> <span class='ocrx_word' id='word_1_137' title='bbox 1331 1169 1452 1207; x_wconf 90' lang='lat' dir='ltr'>illum</span> <span class='ocrx_word' id='word_1_138' title='bbox 1481 1181 1607 1219; x_wconf 88' lang='lat' dir='ltr'>quem</span> <span class='ocrx_word' id='word_1_139' title='bbox 1628 1182 1699 1208; x_wconf 88' lang='lat' dir='ltr'>re-</span> 
     </span>
     <span class='ocr_line' id='line_1_17' title="bbox 147 1231 1698 1283; baseline 0.002 -14"><span class='ocrx_word' id='word_1_140' title='bbox 147 1235 380 1282; x_wconf 74' lang='lat' dir='ltr'>praesentat</span> <span class='ocrx_word' id='word_1_141' title='bbox 415 1231 541 1270; x_wconf 88' lang='lat' dir='ltr'>hodie</span> <span class='ocrx_word' id='word_1_142' title='bbox 577 1231 834 1282; x_wconf 70' lang='lat' dir='ltr'>parisiensis</span> <span class='ocrx_word' id='word_1_143' title='bbox 865 1232 1012 1277; x_wconf 81' lang='lat' dir='ltr'>codex,</span> <span class='ocrx_word' id='word_1_144' title='bbox 1044 1232 1203 1282; x_wconf 84' lang='lat' dir='ltr'>quique</span> <span class='ocrx_word' id='word_1_145' title='bbox 1227 1235 1341 1271; x_wconf 84' lang='lat' dir='ltr'>arcte</span> <span class='ocrx_word' id='word_1_146' title='bbox 1369 1233 1412 1271; x_wconf 89' lang='lat' dir='ltr'>in</span> <span class='ocrx_word' id='word_1_147' title='bbox 1435 1234 1698 1283; x_wconf 85' lang='lat' dir='ltr'>quibusdam</span> 
     </span>
     <span class='ocr_line' id='line_1_18' title="bbox 146 1295 1699 1347; baseline 0.002 -13"><span class='ocrx_word' id='word_1_148' title='bbox 146 1296 344 1347; x_wconf 82' lang='lat' dir='ltr'>partibus</span> <span class='ocrx_word' id='word_1_149' title='bbox 381 1309 478 1335; x_wconf 86' lang='lat' dir='ltr'>cum</span> <span class='ocrx_word' id='word_1_150' title='bbox 511 1295 662 1346; x_wconf 84' lang='lat' dir='ltr'>Regiis</span> <span class='ocrx_word' id='word_1_151' title='bbox 694 1296 906 1346; x_wconf 88' lang='lat' dir='ltr'>congruit,</span> <span class='ocrx_word' id='word_1_152' title='bbox 943 1296 986 1334; x_wconf 91' lang='lat' dir='ltr'>in</span> <span class='ocrx_word' id='word_1_153' title='bbox 1020 1297 1116 1335; x_wconf 86' lang='lat' dir='ltr'>aliis</span> <span class='ocrx_word' id='word_1_154' title='bbox 1140 1309 1237 1335; x_wconf 90' lang='lat' dir='ltr'>cum</span> <span class='ocrx_word' id='word_1_155' title='bbox 1258 1297 1468 1336; x_wconf 90' lang='lat' dir='ltr'>islandico</span> <span class='ocrx_word' id='word_1_156' title='bbox 1498 1298 1629 1336; x_wconf 88' lang='lat' dir='ltr'>simul</span> <span class='ocrx_word' id='word_1_157' title='bbox 1658 1303 1699 1337; x_wconf 88' lang='lat' dir='ltr'>et</span> 
     </span>
     <span class='ocr_line' id='line_1_19' title="bbox 148 1345 445 1411; baseline -0.003 -11"><span class='ocrx_word' id='word_1_158' title='bbox 148 1345 249 1400; x_wconf 80' lang='lat' dir='ltr'>cum&#39;</span> <span class='ocrx_word' id='word_1_159' title='bbox 268 1361 445 1411; x_wconf 76' lang='lat' dir='ltr'>Regiis?</span> 
     </span>
    </p>

    <p class='ocr_par' dir='ltr' id='par_1_4' title="bbox 144 1425 1698 1734">
     <span class='ocr_line' id='line_1_20' title="bbox 199 1425 1698 1478; baseline 0.001 -14"><span class='ocrx_word' id='word_1_160' title='bbox 199 1426 299 1464; x_wconf 87' lang='lat' dir='ltr'>Fuit</span> <span class='ocrx_word' id='word_1_161' title='bbox 332 1426 466 1477; x_wconf 86' lang='lat' dir='ltr'>igitur</span> <span class='ocrx_word' id='word_1_162' title='bbox 496 1426 711 1464; x_wconf 83' lang='lat' dir='ltr'>vetustior</span> <span class='ocrx_word' id='word_1_163' title='bbox 742 1429 884 1465; x_wconf 79' lang='lat' dir='ltr'>textus</span> <span class='ocrx_word' id='word_1_164' title='bbox 919 1425 991 1476; x_wconf 88' lang='lat' dir='ltr'>qui</span> <span class='ocrx_word' id='word_1_165' title='bbox 1026 1426 1216 1465; x_wconf 69' lang='lat' dir='ltr'>eremita}</span> <span class='ocrx_word' id='word_1_166' title='bbox 1242 1426 1441 1478; x_wconf 86' lang='lat' dir='ltr'>proprias</span> <span class='ocrx_word' id='word_1_167' title='bbox 1464 1430 1610 1478; x_wconf 85' lang='lat' dir='ltr'>partes</span> <span class='ocrx_word' id='word_1_168' title='bbox 1635 1433 1698 1467; x_wconf 87' lang='lat' dir='ltr'>at.-</span> 
     </span>
     <span class='ocr_line' id='line_1_21' title="bbox 148 1489 1698 1541; baseline 0.002 -13"><span class='ocrx_word' id='word_1_169' title='bbox 148 1489 371 1537; x_wconf 85' lang='lat' dir='ltr'>tribueret,</span> <span class='ocrx_word' id='word_1_170' title='bbox 396 1493 436 1529; x_wconf 90' lang='lat' dir='ltr'>et</span> <span class='ocrx_word' id='word_1_171' title='bbox 469 1491 520 1528; x_wconf 86' lang='lat' dir='ltr'>de</span> <span class='ocrx_word' id='word_1_172' title='bbox 544 1490 625 1528; x_wconf 84' lang='lat' dir='ltr'>fine</span> <span class='ocrx_word' id='word_1_173' title='bbox 647 1490 764 1540; x_wconf 87' lang='lat' dir='ltr'>regis</span> <span class='ocrx_word' id='word_1_174' title='bbox 798 1490 1068 1528; x_wconf 86' lang='lat' dir='ltr'>Francorum</span> <span class='ocrx_word' id='word_1_175' title='bbox 1102 1491 1184 1529; x_wconf 85' lang='lat' dir='ltr'>alia</span> <span class='ocrx_word' id='word_1_176' title='bbox 1217 1503 1264 1529; x_wconf 87' lang='lat' dir='ltr'>ac</span> <span class='ocrx_word' id='word_1_177' title='bbox 1301 1491 1518 1541; x_wconf 73' lang='lat' dir='ltr'>raJnensis</span> <span class='ocrx_word' id='word_1_178' title='bbox 1551 1492 1698 1531; x_wconf 86' lang='lat' dir='ltr'>Fiora-</span> 
     </span>
     <span class='ocr_line' id='line_1_22' title="bbox 144 1554 1698 1605; baseline 0.001 -12"><span class='ocrx_word' id='word_1_179' title='bbox 144 1558 269 1593; x_wconf 83' lang='lat' dir='ltr'>vante</span> <span class='ocrx_word' id='word_1_180' title='bbox 298 1555 495 1593; x_wconf 86' lang='lat' dir='ltr'>referret.</span> <span class='ocrx_word' id='word_1_181' title='bbox 520 1554 714 1604; x_wconf 72' lang='lat' dir='ltr'>HuJusce</span> <span class='ocrx_word' id='word_1_182' title='bbox 739 1556 880 1592; x_wconf 77' lang='lat' dir='ltr'>textus</span> <span class='ocrx_word' id='word_1_183' title='bbox 910 1557 1115 1604; x_wconf 79' lang='lat' dir='ltr'>tanquam</span> <span class='ocrx_word' id='word_1_184' title='bbox 1149 1555 1336 1605; x_wconf 71' lang='lat' dir='ltr'>vestigia</span> <span class='ocrx_word' id='word_1_185' title='bbox 1366 1555 1531 1605; x_wconf 75' lang='lat' dir='ltr'>praebet</span> <span class='ocrx_word' id='word_1_186' title='bbox 1564 1556 1698 1594; x_wconf 77' lang='lat' dir='ltr'>codex</span> 
     </span>
     <span class='ocr_line' id='line_1_23' title="bbox 144 1617 1698 1670; baseline 0.001 -13"><span class='ocrx_word' id='word_1_187' title='bbox 144 1618 227 1658; x_wconf 89' lang='lat' dir='ltr'>iste</span> <span class='ocrx_word' id='word_1_188' title='bbox 250 1631 378 1670; x_wconf 85' lang='lat' dir='ltr'>quem</span> <span class='ocrx_word' id='word_1_189' title='bbox 401 1631 510 1657; x_wconf 85' lang='lat' dir='ltr'>anno</span> <span class='ocrx_word' id='word_1_190' title='bbox 536 1620 634 1656; x_wconf 75' lang='lat'>1467</span> <span class='ocrx_word' id='word_1_191' title='bbox 658 1618 874 1664; x_wconf 83' lang='lat' dir='ltr'>exarabat,</span> <span class='ocrx_word' id='word_1_192' title='bbox 897 1617 940 1655; x_wconf 89' lang='lat' dir='ltr'>in</span> <span class='ocrx_word' id='word_1_193' title='bbox 963 1630 1042 1656; x_wconf 91' lang='lat' dir='ltr'>suo</span> <span class='ocrx_word' id='word_1_194' title='bbox 1065 1619 1259 1665; x_wconf 86' lang='lat' dir='ltr'>castello,</span> <span class='ocrx_word' id='word_1_195' title='bbox 1281 1619 1454 1658; x_wconf 90' lang='lat' dir='ltr'>Domini</span> <span class='ocrx_word' id='word_1_196' title='bbox 1471 1620 1522 1658; x_wconf 89' lang='lat' dir='ltr'>de</span> <span class='ocrx_word' id='word_1_197' title='bbox 1547 1620 1698 1659; x_wconf 80' lang='lat' dir='ltr'>Ponte-</span> 
     </span>
     <span class='ocr_line' id='line_1_24' title="bbox 145 1683 423 1734; baseline -0.004 -12"><span class='ocrx_word' id='word_1_198' title='bbox 145 1683 244 1734; x_wconf 74' lang='lat' dir='ltr'>vigo</span> <span class='ocrx_word' id='word_1_199' title='bbox 265 1684 423 1723; x_wconf 87' lang='lat' dir='ltr'>scriba.</span> 
     </span>
    </p>

    <p class='ocr_par' dir='ltr' id='par_1_5' title="bbox 146 1748 1693 1863">
     <span class='ocr_line' id='line_1_25' title="bbox 198 1748 1693 1799; baseline 0.003 -13"><span class='ocrx_word' id='word_1_200' title='bbox 198 1748 323 1787; x_wconf 78' lang='lat' dir='ltr'>Nunc</span> <span class='ocrx_word' id='word_1_201' title='bbox 357 1749 469 1787; x_wconf 89' lang='lat' dir='ltr'>ultra</span> <span class='ocrx_word' id='word_1_202' title='bbox 508 1748 712 1799; x_wconf 85' lang='lat' dir='ltr'>progredi</span> <span class='ocrx_word' id='word_1_203' title='bbox 744 1748 863 1796; x_wconf 86' lang='lat' dir='ltr'>licet,</span> <span class='ocrx_word' id='word_1_204' title='bbox 899 1751 940 1786; x_wconf 92' lang='lat' dir='ltr'>et</span> <span class='ocrx_word' id='word_1_205' title='bbox 977 1748 1029 1786; x_wconf 90' lang='lat' dir='ltr'>de</span> <span class='ocrx_word' id='word_1_206' title='bbox 1064 1748 1231 1799; x_wconf 85' lang='lat' dir='ltr'>origine</span> <span class='ocrx_word' id='word_1_207' title='bbox 1274 1749 1407 1799; x_wconf 82' lang='lat' dir='ltr'>hujus</span> <span class='ocrx_word' id='word_1_208' title='bbox 1441 1751 1693 1790; x_wconf 77' lang='lat' dir='ltr'>vetustioris</span> 
     </span>
     <span class='ocr_line' id='line_1_26' title="bbox 146 1813 541 1863; baseline -0.003 -11"><span class='ocrx_word' id='word_1_209' title='bbox 146 1816 289 1852; x_wconf 81' lang='lat' dir='ltr'>textus</span> <span class='ocrx_word' id='word_1_210' title='bbox 308 1813 541 1863; x_wconf 90' lang='lat' dir='ltr'>inquirere.</span> 
     </span>
    </p>

    <p class='ocr_par' dir='ltr' id='par_1_6' title="bbox 142 1877 1695 2586">
     <span class='ocr_line' id='line_1_27' title="bbox 196 1877 1694 1929; baseline 0 -12"><span class='ocrx_word' id='word_1_211' title='bbox 196 1877 399 1917; x_wconf 81' lang='lat' dir='ltr'>Affirmat</span> <span class='ocrx_word' id='word_1_212' title='bbox 426 1878 564 1929; x_wconf 70' lang='lat' dir='ltr'>RaJna</span> <span class='ocrx_word' id='word_1_213' title='bbox 583 1878 742 1917; x_wconf 85' lang='lat' dir='ltr'>librum</span> <span class='ocrx_word' id='word_1_214' title='bbox 771 1878 822 1916; x_wconf 90' lang='lat' dir='ltr'>de</span> <span class='ocrx_word' id='word_1_215' title='bbox 845 1877 1099 1915; x_wconf 82' lang='lat' dir='ltr'>Fioravante</span> <span class='ocrx_word' id='word_1_216' title='bbox 1122 1877 1343 1916; x_wconf 88' lang='lat' dir='ltr'>italianam</span> <span class='ocrx_word' id='word_1_217' title='bbox 1377 1881 1520 1917; x_wconf 79' lang='lat' dir='ltr'>textus</span> <span class='ocrx_word' id='word_1_218' title='bbox 1551 1879 1694 1929; x_wconf 81' lang='lat' dir='ltr'>gallici</span> 
     </span>
     <span class='ocr_line' id='line_1_28' title="bbox 143 1942 1695 1996; baseline 0.001 -14"><span class='ocrx_word' id='word_1_219' title='bbox 143 1956 275 1996; x_wconf 88' lang='lat' dir='ltr'>prosa</span> <span class='ocrx_word' id='word_1_220' title='bbox 297 1943 488 1982; x_wconf 90' lang='lat' dir='ltr'>oratione</span> <span class='ocrx_word' id='word_1_221' title='bbox 511 1943 661 1994; x_wconf 89' lang='lat' dir='ltr'>scripti</span> <span class='ocrx_word' id='word_1_222' title='bbox 691 1942 938 1982; x_wconf 84' lang='lat' dir='ltr'>versionem</span> <span class='ocrx_word' id='word_1_223' title='bbox 968 1954 1066 1980; x_wconf 89' lang='lat' dir='ltr'>esse</span> <span class='ocrx_word' id='word_1_224' title='bbox 1090 1943 1161 1993; x_wconf 88' lang='lat' dir='ltr'>qui</span> <span class='ocrx_word' id='word_1_225' title='bbox 1180 1942 1224 1980; x_wconf 93' lang='lat' dir='ltr'>in</span> <span class='ocrx_word' id='word_1_226' title='bbox 1245 1955 1379 1981; x_wconf 90' lang='lat' dir='ltr'>unum</span> <span class='ocrx_word' id='word_1_227' title='bbox 1400 1944 1519 1982; x_wconf 88' lang='lat' dir='ltr'>varia</span> <span class='ocrx_word' id='word_1_228' title='bbox 1540 1945 1695 1994; x_wconf 85' lang='lat' dir='ltr'>gallica</span> 
     </span>
     <span class='ocr_line' id='line_1_29' title="bbox 145 2006 1694 2060; baseline -0.002 -12"><span class='ocrx_word' id='word_1_229' title='bbox 145 2012 345 2060; x_wconf 84' lang='lat' dir='ltr'>poemata</span> <span class='ocrx_word' id='word_1_230' title='bbox 390 2008 587 2049; x_wconf 53' lang='lat' dir='ltr'>Florentes</span> <span class='ocrx_word' id='word_1_231' title='bbox 640 2008 815 2058; x_wconf 76' lang='lat' dir='ltr'>(Fiovo)‚</span> <span class='ocrx_word' id='word_1_232' title='bbox 865 2006 1092 2048; x_wconf 71' lang='lat' dir='ltr'>Floouantz&#39;s</span> <span class='ocrx_word' id='word_1_233' title='bbox 1141 2007 1448 2059; x_wconf 59' lang='lat' dir='ltr'>iFiomvante),</span> <span class='ocrx_word' id='word_1_234' title='bbox 1498 2008 1694 2047; x_wconf 52' lang='lat' dir='ltr'>Florentis-</span> 
     </span>
     <span class='ocr_line' id='line_1_30' title="bbox 144 2073 1695 2125; baseline 0.001 -14"><span class='ocrx_word' id='word_1_235' title='bbox 144 2080 181 2112; x_wconf 69' lang='grc' dir='ltr'>εἰ</span> <span class='ocrx_word' id='word_1_236' title='bbox 215 2074 423 2112; x_wconf 62' lang='lat' dir='ltr'>Octaviam·</span> <span class='ocrx_word' id='word_1_237' title='bbox 451 2074 747 2125; x_wconf 68' lang='lat' dir='ltr'>fflrugiolina),</span> <span class='ocrx_word' id='word_1_238' title='bbox 779 2077 859 2113; x_wconf 60' lang='lat' dir='ltr'>etc.</span> <span class='ocrx_word' id='word_1_239' title='bbox 901 2075 1161 2125; x_wconf 83' lang='lat' dir='ltr'>collegerat:</span> <span class='ocrx_word' id='word_1_240' title='bbox 1187 2086 1314 2124; x_wconf 87' lang='lat' dir='ltr'>quam</span> <span class='ocrx_word' id='word_1_241' title='bbox 1338 2073 1584 2124; x_wconf 86' lang='lat' dir='ltr'>opinionem</span> <span class='ocrx_word' id='word_1_242' title='bbox 1601 2086 1695 2124; x_wconf 88' lang='lat' dir='ltr'>gra-</span> 
     </span>
     <span class='ocr_line' id='line_1_31' title="bbox 143 2138 1692 2189; baseline -0.001 -11"><span class='ocrx_word' id='word_1_243' title='bbox 143 2138 254 2178; x_wconf 89' lang='lat' dir='ltr'>viter</span> <span class='ocrx_word' id='word_1_244' title='bbox 286 2138 335 2177; x_wconf 81' lang='lat' dir='ltr'>G.</span> <span class='ocrx_word' id='word_1_245' title='bbox 360 2139 500 2185; x_wconf 83' lang='lat' dir='ltr'>Paris,</span> <span class='ocrx_word' id='word_1_246' title='bbox 523 2139 566 2176; x_wconf 90' lang='lat' dir='ltr'>in</span> <span class='ocrx_word' id='word_1_247' title='bbox 595 2139 812 2189; x_wconf 83' lang='lat' dir='ltr'>rajnensis</span> <span class='ocrx_word' id='word_1_248' title='bbox 843 2139 943 2177; x_wconf 87' lang='lat' dir='ltr'>libri</span> <span class='ocrx_word' id='word_1_249' title='bbox 978 2139 1231 2177; x_wconf 87' lang='lat' dir='ltr'>recensione</span> <span class='ocrx_word' id='word_1_250' title='bbox 1266 2138 1551 2189; x_wconf 74' lang='lat' dir='ltr'>impugnavit.</span> <span class='ocrx_word' id='word_1_251' title='bbox 1590 2139 1692 2177; x_wconf 68' lang='lat' dir='ltr'>Yal-</span> 
     </span>
     <span class='ocr_line' id='line_1_32' title="bbox 145 2202 1692 2254; baseline -0.001 -12"><span class='ocrx_word' id='word_1_252' title='bbox 145 2204 341 2243; x_wconf 89' lang='lat' dir='ltr'>dissimis</span> <span class='ocrx_word' id='word_1_253' title='bbox 374 2203 642 2254; x_wconf 89' lang='lat' dir='ltr'>argumentis</span> <span class='ocrx_word' id='word_1_254' title='bbox 672 2203 985 2242; x_wconf 80' lang='lat' dir='ltr'>demonstravit</span> <span class='ocrx_word' id='word_1_255' title='bbox 1018 2216 1104 2242; x_wconf 91' lang='lat' dir='ltr'>non</span> <span class='ocrx_word' id='word_1_256' title='bbox 1137 2216 1162 2241; x_wconf 87' lang='lat' dir='ltr'>a</span> <span class='ocrx_word' id='word_1_257' title='bbox 1193 2203 1348 2254; x_wconf 88' lang='lat' dir='ltr'>gallico</span> <span class='ocrx_word' id='word_1_258' title='bbox 1382 2203 1593 2254; x_wconf 89' lang='lat' dir='ltr'>scriptore</span> <span class='ocrx_word' id='word_1_259' title='bbox 1627 2202 1692 2241; x_wconf 91' lang='lat' dir='ltr'>di-</span> 
     </span>
     <span class='ocr_line' id='line_1_33' title="bbox 142 2267 1690 2320; baseline -0.001 -13"><span class='ocrx_word' id='word_1_260' title='bbox 142 2281 271 2308; x_wconf 82' lang='lat' dir='ltr'>versa</span> <span class='ocrx_word' id='word_1_261' title='bbox 320 2271 519 2320; x_wconf 86' lang='lat' dir='ltr'>poemata</span> <span class='ocrx_word' id='word_1_262' title='bbox 566 2268 608 2306; x_wconf 91' lang='lat' dir='ltr'>in</span> <span class='ocrx_word' id='word_1_263' title='bbox 658 2280 791 2307; x_wconf 90' lang='lat' dir='ltr'>unum</span> <span class='ocrx_word' id='word_1_264' title='bbox 836 2269 1015 2307; x_wconf 86' lang='lat' dir='ltr'>collecta</span> <span class='ocrx_word' id='word_1_265' title='bbox 1054 2272 1095 2307; x_wconf 82' lang='lat' dir='ltr'>et</span> <span class='ocrx_word' id='word_1_266' title='bbox 1145 2267 1188 2306; x_wconf 91' lang='lat' dir='ltr'>in</span> <span class='ocrx_word' id='word_1_267' title='bbox 1229 2280 1405 2318; x_wconf 87' lang='lat' dir='ltr'>prosam</span> <span class='ocrx_word' id='word_1_268' title='bbox 1453 2267 1690 2306; x_wconf 82' lang='lat' dir='ltr'>orationem</span> 
     </span>
     <span class='ocr_line' id='line_1_34' title="bbox 145 2332 1691 2384; baseline -0.001 -11"><span class='ocrx_word' id='word_1_269' title='bbox 145 2346 353 2374; x_wconf 72' lang='lat' dir='ltr'>conversa</span> <span class='ocrx_word' id='word_1_270' title='bbox 373 2333 512 2372; x_wconf 86' lang='lat' dir='ltr'>fuisse</span> <span class='ocrx_word' id='word_1_271' title='bbox 533 2334 569 2381; x_wconf 67' lang='grc' dir='ltr'>ἱ’;</span> <span class='ocrx_word' id='word_1_272' title='bbox 605 2337 804 2384; x_wconf 85' lang='lat' dir='ltr'>poemata</span> <span class='ocrx_word' id='word_1_273' title='bbox 825 2333 938 2371; x_wconf 89' lang='lat' dir='ltr'>enim</span> <span class='ocrx_word' id='word_1_274' title='bbox 961 2333 1068 2384; x_wconf 56' lang='lat' dir='ltr'>cycli</span> <span class='ocrx_word' id='word_1_275' title='bbox 1093 2332 1301 2384; x_wconf 87' lang='lat' dir='ltr'>carolingi</span> <span class='ocrx_word' id='word_1_276' title='bbox 1324 2345 1410 2371; x_wconf 90' lang='lat' dir='ltr'>non</span> <span class='ocrx_word' id='word_1_277' title='bbox 1433 2335 1529 2372; x_wconf 89' lang='lat' dir='ltr'>ante</span> <span class='ocrx_word' id='word_1_278' title='bbox 1553 2344 1691 2371; x_wconf 83' lang='lat' dir='ltr'>saecu-</span> 
     </span>
     <span class='ocr_line' id='line_1_35' title="bbox 142 2397 1690 2449; baseline -0.001 -12"><span class='ocrx_word' id='word_1_279' title='bbox 142 2400 232 2438; x_wconf 90' lang='lat' dir='ltr'>lum</span> <span class='ocrx_word' id='word_1_280' title='bbox 262 2411 344 2445; x_wconf 65' lang='lat' dir='ltr'>xvv,</span> <span class='ocrx_word' id='word_1_281' title='bbox 369 2399 573 2449; x_wconf 88' lang='lat' dir='ltr'>pleraque</span> <span class='ocrx_word' id='word_1_282' title='bbox 609 2399 768 2437; x_wconf 74' lang='lat' dir='ltr'>saeculo</span> <span class='ocrx_word' id='word_1_283' title='bbox 798 2403 884 2444; x_wconf 80' lang='lat' dir='ltr'>xv0,</span> <span class='ocrx_word' id='word_1_284' title='bbox 920 2397 964 2435; x_wconf 90' lang='lat' dir='ltr'>in</span> <span class='ocrx_word' id='word_1_285' title='bbox 994 2409 1170 2448; x_wconf 87' lang='lat' dir='ltr'>prosam</span> <span class='ocrx_word' id='word_1_286' title='bbox 1201 2397 1412 2436; x_wconf 84' lang='lat' dir='ltr'>traducta.</span> <span class='ocrx_word' id='word_1_287' title='bbox 1445 2397 1584 2447; x_wconf 80' lang='lat' dir='ltr'>Rajna</span> <span class='ocrx_word' id='word_1_288' title='bbox 1614 2410 1690 2436; x_wconf 87' lang='lat' dir='ltr'>au-</span> 
     </span>
     <span class='ocr_line' id='line_1_36' title="bbox 145 2461 1690 2513; baseline -0.001 -11"><span class='ocrx_word' id='word_1_289' title='bbox 145 2467 231 2502; x_wconf 89' lang='lat' dir='ltr'>tem</span> <span class='ocrx_word' id='word_1_290' title='bbox 250 2463 498 2502; x_wconf 70' lang='lat' dir='ltr'>versionem</span> <span class='ocrx_word' id='word_1_291' title='bbox 530 2463 743 2513; x_wconf 83' lang='lat' dir='ltr'>gallicam,</span> <span class='ocrx_word' id='word_1_292' title='bbox 780 2474 909 2512; x_wconf 86' lang='lat' dir='ltr'>quam</span> <span class='ocrx_word' id='word_1_293' title='bbox 931 2462 1152 2513; x_wconf 86' lang='lat' dir='ltr'>supponit,</span> <span class='ocrx_word' id='word_1_294' title='bbox 1179 2463 1340 2502; x_wconf 78' lang='lat' dir='ltr'>saeculo</span> <span class='ocrx_word' id='word_1_295' title='bbox 1372 2474 1449 2500; x_wconf 75' lang='lat' dir='ltr'>XIII</span> <span class='ocrx_word' id='word_1_296' title='bbox 1483 2461 1690 2513; x_wconf 90' lang='lat' dir='ltr'>scriptam</span> 
     </span>
     <span class='ocr_line' id='line_1_37' title="bbox 144 2526 1691 2586; baseline -0.001 -19"><span class='ocrx_word' id='word_1_297' title='bbox 144 2541 230 2567; x_wconf 89' lang='lat' dir='ltr'>non</span> <span class='ocrx_word' id='word_1_298' title='bbox 251 2531 395 2579; x_wconf 87' lang='lat' dir='ltr'>potest</span> <span class='ocrx_word' id='word_1_299' title='bbox 416 2527 518 2578; x_wconf 89' lang='lat' dir='ltr'>quin</span> <span class='ocrx_word' id='word_1_300' title='bbox 538 2531 759 2579; x_wconf 88' lang='lat' dir='ltr'>agnoscat.</span> <span class='ocrx_word' id='word_1_301' title='bbox 784 2527 895 2566; x_wconf 90' lang='lat' dir='ltr'>Dein</span> <span class='ocrx_word' id='word_1_302' title='bbox 924 2527 1085 2578; x_wconf 91' lang='lat' dir='ltr'>duplici</span> <span class='ocrx_word' id='word_1_303' title='bbox 1116 2527 1196 2566; x_wconf 87' lang='lat' dir='ltr'>hac</span> <span class='ocrx_word' id='word_1_304' title='bbox 1229 2527 1374 2565; x_wconf 90' lang='lat' dir='ltr'>indole</span> <span class='ocrx_word' id='word_1_305' title='bbox 1405 2526 1691 2586; x_wconf 85' lang='lat' dir='ltr'>distinguitur</span> 
     </span>
    </p>
   </div>
   <div class='ocr_carea' id='block_1_2' title="bbox 185 2677 1366 2772">
    <p class='ocr_par' dir='ltr' id='par_1_7' title="bbox 185 2677 1366 2772">
     <span class='ocr_line' id='line_1_38' title="bbox 191 2677 593 2718; baseline 0 -10"><span class='ocrx_word' id='word_1_306' title='bbox 191 2679 216 2709; x_wconf 82' lang='lat'>1.</span> <span class='ocrx_word' id='word_1_307' title='bbox 240 2677 330 2708; x_wconf 65' lang='lat' dir='ltr'>Vide</span> <span class='ocrx_word' id='word_1_308' title='bbox 351 2685 458 2718; x_wconf 80' lang='lat' dir='ltr'>supra</span> <span class='ocrx_word' id='word_1_309' title='bbox 478 2686 512 2718; x_wconf 87' lang='lat' dir='ltr'>p.</span> <span class='ocrx_word' id='word_1_310' title='bbox 539 2677 593 2708; x_wconf 82' lang='lat'>41.</span> 
     </span>
     <span class='ocr_line' id='line_1_39' title="bbox 185 2728 1366 2772; baseline -0.002 -10"><span class='ocrx_word' id='word_1_311' title='bbox 185 2732 216 2762; x_wconf 68' lang='grc'>’2.</span> <span class='ocrx_word' id='word_1_312' title='bbox 236 2730 418 2767; x_wconf 75' lang='lat' dir='ltr'>Romania,</span> <span class='ocrx_word' id='word_1_313' title='bbox 440 2730 484 2767; x_wconf 85' lang='grc' dir='ltr'>ΙΙ,</span> <span class='ocrx_word' id='word_1_314' title='bbox 505 2740 540 2772; x_wconf 88' lang='lat' dir='ltr'>p.</span> <span class='ocrx_word' id='word_1_315' title='bbox 560 2730 712 2767; x_wconf 78' lang='lat'>351-366;</span> <span class='ocrx_word' id='word_1_316' title='bbox 734 2729 812 2762; x_wconf 89' lang='lat' dir='ltr'>vide</span> <span class='ocrx_word' id='word_1_317' title='bbox 831 2728 1031 2771; x_wconf 62' lang='lat' dir='ltr'>praesertim</span> <span class='ocrx_word' id='word_1_318' title='bbox 1048 2737 1082 2769; x_wconf 87' lang='lat' dir='ltr'>p.</span> <span class='ocrx_word' id='word_1_319' title='bbox 1104 2728 1175 2765; x_wconf 76' lang='lat'>353,</span> <span class='ocrx_word' id='word_1_320' title='bbox 1197 2728 1268 2765; x_wconf 82' lang='lat'>358.</span> <span class='ocrx_word' id='word_1_321' title='bbox 1290 2728 1366 2760; x_wconf 68' lang='lat'>362.</span> 
     </span>
    </p>
   </div>
  </div>
 </body>
</html>
