1881 3104
830 161 1064 201 —52-

171 270 385 309 Fiorellus
408 281 507 309 cum
535 282 648 307 Lxxx
676 269 869 308 millibus
900 269 1096 320 equitum
1127 269 1177 308 ad
1210 269 1497 308 obsidendam
1527 268 1721 316 BaIdam,

170 335 369 375 Galerani
392 334 673 384 Balantisque
695 334 864 381 urbem,
891 334 974 373 iter
1008 335 1203 373 tendunt.
1226 334 1396 382 Quibus
1427 334 1598 373 obviam
1627 346 1724 373 cum

169 414 281 440 cxxx
303 400 496 439 millibus
519 402 675 438 exeunt
694 399 935 438 Galeranus
954 400 1181 438 etBalans.
1200 398 1448 443 Fici-avanti
1469 402 1613 437 autem
1631 411 1724 437 car-

169 466 281 506 ceris
303 468 450 517 portas
473 464 612 515 aperit
632 464 888 516 Drugiolina
912 464 1241 517 (xxxiv-xxxxi).

219 532 356 570 Atrox
380 528 666 568 committitur
694 530 907 580 praelium.
940 530 1037 568 Filii
1071 530 1314 581 proditores
1346 542 1369 568 a
1401 529 1582 568 Tibaldo
1617 530 1724 568 occi-

167 598 328 636 duntur
362 606 490 645 quem
524 594 619 644 ipse
652 594 769 633 letali
803 595 890 634 ictu
924 595 1113 645 pereutit
1147 595 1328 641 Balans,
1365 597 1413 633 ut
1446 597 1487 633 et
1525 594 1722 634 Fiorium

166 673 335 713 regem3
364 664 405 698 et
427 659 663 698 Christiani
688 661 871 711 jamJ'am
905 660 1087 711 perituri
1118 663 1220 698 sunt
1254 671 1387 710 quum
1422 659 1659 698 Fioravans
1682 662 1724 698 et

165 727 406 771 Riccierus,
430 738 452 763 a
474 724 730 776 Drugiolina
746 725 932 772 liberati,
951 725 1062 764 inter
1083 725 1234 764 hostes
1250 727 1383 763 ruunt
1399 727 1441 763 et
1458 724 1723 764 Sarracenos

163 793 330 844 fugant.
376 790 644 838 Galeranus,
683 790 956 830 Fioravantis
997 791 1140 842 gladio
1178 790 1482 837 transfossus,
1520 792 1722 829 mortuus

163 855 291 901 cadit,
328 868 489 906 rexque
526 856 686 895 Balans
723 869 819 895 eum
854 856 1126 907 Drugiolina,
1157 856 1363 895 derelicta
1384 856 1534 902 Balda,
1559 857 1724 895 Ascon-

162 920 276 959 diam
311 921 415 971 fuga
440 921 561 973 petit.
598 922 778 960 Baldam
811 925 955 961 autem
990 922 1121 960 intrat
1152 922 1388 960 Fioravans
1427 924 1469 960 et
1509 921 1723 972 direptam

162 986 277 1025 ferro
301 990 342 1025 et
362 987 461 1037 igne
484 987 685 1026 destruit.
710 988 829 1026 Tunc
850 987 893 1026 in
930 988 1156 1026 Franciam
1186 988 1370 1026 redeunt
1401 999 1475 1026 rex
1505 987 1721 1025 Fiorellus

162 1050 487 1102 Fioravansque
507 1051 623 1091 filius
646 1052 959 1103 Riccicrusque
984 1055 1025 1091 et
1046 1066 1156 1104 papa
1178 1052 1438 1104 (mmai-xm.

213 1115 436 1162 Salardus,
462 1117 699 1156 Britanniae
723 1118 820 1164 dux,
844 1117 990 1156 audito
1025 1118 1299 1156 Fioravantis
1333 1117 1491 1165 reditu,
1511 1119 1719 1168 juvenem

159 1180 248 1219 adit
272 1181 444 1220 veniam
471 1182 705 1232 petiturus,
741 1182 990 1233 reginaeque
1027 1182 1155 1221 matri
1183 1182 1452 1234 promissum
1494 1182 1722 1221 matrimo-

160 1245 280 1284 nium
321 1246 433 1286 inter
463 1246 595 1286 filiam
625 1251 667 1286 et
696 1247 1003 1286 Fioravantem
1032 1248 1075 1286 in
1109 1248 1367 1286 memoriam
1404 1251 1593 1286 revocat.
1634 1247 1719 1286 Re-

159 1310 260 1361 gina
292 1311 609 1353 Fioravantem.
645 1325 779 1362 quum
813 1312 980 1352 Salardi
1011 1312 1144 1351 filiam
1178 1316 1438 1364 aspernetur
1467 1315 1508 1351 et
1536 1311 1721 1363 Drugio-

158 1377 256 1415 linzr
292 1377 436 1416 datam
471 1377 600 1416 fidem
636 1382 807 1424 servet,
851 1382 937 1416 tam
975 1379 1158 1417 moleste
1188 1379 1392 1429 precihus
1424 1377 1719 1427 conviciisque

158 1454 235 1493 per
265 1454 341 1480 sex
373 1455 509 1481 annos
544 1447 838 1494 persequitur,
875 1447 921 1482 ut
957 1444 1098 1482 denuo
1143 1443 1362 1494 proficisci
1405 1446 1582 1483 statuat.
1604 1443 1719 1492 Qua-

158 1506 257 1544 dam
292 1510 416 1544 noete
450 1506 585 1557 igitur
606 1519 702 1546 eum
728 1520 863 1558 puero
900 1508 1001 1555 abit,
1033 1508 1120 1558 qui,
1154 1508 1255 1546 dum
1278 1508 1320 1546 in
1349 1508 1534 1547 ecclesia
1566 1519 1720 1559 preces

158 1571 248 1610 Deo
285 1572 507 1619 fundebat,
537 1585 633 1611 cum
664 1573 798 1611 armis
833 1573 994 1611 domini
1025 1577 1064 1611 et
1095 1585 1205 1623 equo
1236 1573 1363 1624 sugit,
1389 1577 1431 1612 et
1451 1573 1502 1612 ad
1526 1573 1716 1612 eremita}

158 1637 366 1675 sacellum
399 1638 610 1687 pervenit.
647 1637 865 1685 Eremita,
907 1638 980 1688 qui
1019 1641 1110 1676 erat
1147 1638 1418 1676 Fioravantis
1457 1638 1714 1685 avunculus,

157 1705 281 1753 rapta
309 1715 331 1740 a
365 1714 500 1753 puero
528 1715 647 1741 arma
681 1703 948 1754 suspicatus,
981 1703 1102 1741 illum
1135 1703 1374 1754 suspendio
1404 1707 1543 1742 necat.
1577 1703 1714 1742 Paulo

157 1773 257 1818 post
285 1767 457 1806 advenit
476 1771 514 1806 et
532 1767 770 1807 Fioravans
793 1768 858 1807 cui
882 1768 1074 1814 eremita,
1096 1768 1147 1806 ab
1164 1769 1316 1819 angelo
1340 1769 1494 1807 doctus
1511 1769 1714 1819 quisnam

157 1832 216 1871 sit
236 1833 414 1883 hospes,
444 1836 483 1870 et
511 1845 631 1871 arma
660 1836 701 1872 et
729 1845 888 1883 equum
920 1833 1112 1872 restitnit
1141 1833 1372 1884 (xm-xix).

211 1897 375 1936 Eodem
392 1900 587 1948 tempore
616 1898 834 1936 Soldanus
854 1897 1093 1936 Babiloniac
1108 1898 1248 1936 visam
1270 1898 1466 1938 Balantis
1485 1899 1618 1938 filiam
1643 1912 1714 1939 su-

158 1963 247 2002 bito
271 1963 442 2002 adamat
465 1966 505 2001 et
535 1976 558 2001 a
588 1966 707 2013 patre
740 1974 833 2000 eam
865 1962 909 2000 in
944 1962 1212 2000 connubium
1242 1962 1364 2013 petit.
1410 1963 1535 2011 Quod
1571 1964 1714 2003 libens

155 2028 275 2066 audit
299 2032 442 2079 pater,
471 2031 514 2066 at
533 2040 619 2066 non
641 2027 729 2065 filia
750 2039 846 2078 quae
868 2027 1143 2065 Fioravantis
1177 2039 1370 2066 amorem
1403 2026 1591 2065 fideliter
1621 2039 1714 2065 ser-

152 2092 295 2131 vabat.
322 2092 505 2143 Cogitur
523 2105 626 2143 ergo
650 2092 882 2131 Ascendiae
905 2104 980 2130 rex
1001 2092 1178 2131 Soldani
1214 2092 1469 2143 petitionem
1503 2092 1684 2143 reJicere
1704 2105 1713 2139 ;

156 2157 228 2206 qui
247 2157 309 2194 ira
332 2157 481 2196 furens
502 2170 600 2196 cum
623 2156 813 2196 exercitu
832 2156 1099 2195 Ascondiam
1122 2168 1199 2207 per
1222 2168 1297 2194 sex
1319 2169 1456 2196 annos
1485 2157 1715 2196 obsidione

156 2222 317 2260 claudit
340 2221 484 2273 [xmifi.

206 2285 446 2325 Fioravans
468 2292 613 2327 autem
635 2288 814 2332 Soldani
839 2291 1145 2337 transgressus
1169 2291 1327 2333 castra,
1351 2285 1617 2325 Ascondiam
1640 2298 1713 2336 pe-

155 2355 294 2391 netrat
333 2356 374 2390 et
407 2352 449 2390 in
483 2365 724 2404 cauponam
758 2365 853 2403 quae
884 2354 1034 2390 contra
1061 2351 1331 2401 Drugiolinae
1365 2349 1574 2402 palatium
1607 2353 1711 2397 erat,

154 2416 299 2455 intrat.
325 2416 463 2464 Quem
483 2418 615 2457 simul
644 2430 691 2457 ac
720 2417 843 2464 vidit,
882 2415 1093 2468 cauponis
1130 2415 1262 2454 filiam
1291 2417 1388 2466 ers
1423 2427 1546 2454 amor
1575 2415 1710 2455 subit.

152 2480 336 2520 Postero
355 2482 423 2520 dic
446 2483 533 2522 exit
553 2482 790 2521 Fioravans
810 2480 988 2520 Soldani
1018 2479 1180 2518 milites
1199 2491 1512 2530 aggressurus,
1533 2482 1575 2518 et
1594 2482 1713 2518 tanta

152 2545 242 2595 agit
276 2546 494 2590 facinora,
528 2550 614 2586 tam
651 2547 813 2585 multos
847 2545 998 2584 hostes
1035 2544 1180 2595 gladio
1209 2543 1467 2583 Darlmdana
1494 2544 1709 2591 trucidat,

150 2612 312 2648 tantam
348 2611 391 2649 in
425 2612 693 2651 Ascondiam
724 2613 921 2662 reportat
957 2610 1150 2661 praedam
1180 2612 1228 2648 ut
1256 2609 1452 2648 omnium
1485 2610 1636 2648 oculos
1665 2609 1710 2647 in

153 2686 200 2712 se
224 2680 448 2715 conver-tat
470 2676 762 2728 (van-xmx).

200 2740 268 2778 Ad
307 2752 352 2779 se
388 2741 692 2781 Floravantem
725 2741 911 2780 arcessit
931 2739 1192 2791 Drugiolina
1222 2752 1317 2790 quae
1351 2751 1471 2778 arma
1500 2738 1708 2778 amatoris

146 2804 347 2855 agnovit,
398 2810 437 2845 ct
484 2808 653 2847 vultum
698 2807 863 2846 nudare
912 2809 1188 2845 recusantem
1231 2805 1447 2856 precando
1494 2805 1709 2844 adducere

1865 1871 1881 1968 2.)
