1881 3104
745 125 1005 167 —163-

161 243 353 280 Archirex
373 241 539 277 Salatres
559 250 655 286 equo
672 238 850 285 depulsus
875 235 926 286 (c)
945 237 1059 285 pedes
1086 247 1126 272 se
1151 236 1310 272 viriliter
1330 234 1510 278 defendit,
1536 239 1574 271 et
1592 236 1652 270 in—

108 320 261 361 gentem
294 314 426 360 clypeo
454 310 651 348 Floventis
680 310 798 346 ictum
822 309 1029 357 impressit,
1059 308 1123 344 sed
1158 308 1239 344 sine
1269 318 1461 344 successu.
1488 305 1657 342 Tandem

108 380 352 427 defatigatus,
383 379 473 415 licet
504 377 781 420 invulneratus,
813 378 978 423 quietem
1010 380 1130 421 rogat,
1163 378 1200 409 et
1227 372 1454 409 Florentem
1484 369 1613 406 laudat
1648 380 1656 403 :

108 445 226 481 Manu
257 445 382 488 miles,
405 443 539 480 robore
570 442 726 486 mentis,
756 442 966 488 peritiaque
994 440 1082 476 belli
1112 439 1243 474 multis
1266 435 1466 485 praecellis,
1497 434 1563 471 sed
1592 434 1660 470 sub

110 510 228 557 signis
258 508 422 556 improbi
450 508 567 555 Regis
587 507 746 551 militas,
771 508 835 554 qui
865 505 978 552 digna
1006 504 1074 540 tibi
1106 505 1262 551 praemia
1287 503 1430 538 deferre
1453 501 1594 544 nescit;
1631 499 1663 535 si

110 580 232 610 castra
248 585 334 610 mea
353 573 461 621 sequi
481 573 645 609 volueris
665 571 733 607 tibi
752 581 848 606 ccmo
875 580 972 605 ccmo
991 568 1176 616 equitum,
1201 577 1435 614 regnumque
1458 563 1511 614 (d)
1541 564 1656 606 dabo;

109 638 169 674 sin
200 638 282 674 haec
310 648 479 685 respuas,
509 642 545 672 te
577 636 745 683 profecto
766 634 935 672 occidam
966 645 974 670 :
1013 644 1133 680 nuper
1162 633 1266 670 enim
1300 632 1394 669 duos
1422 641 1529 667 meos
1562 629 1659 666 filios

109 703 376 740 Guinimerum
409 708 446 739 et
464 702 639 739 isaacum
659 701 855 748 advocavi,
886 700 950 747 qui
976 699 1145 735 Parisios
1171 697 1282 744 paulo
1310 695 1497 743 posthaec
1522 704 1659 730 nume-

110 781 196 811 roso
216 770 338 806 milite
365 770 404 805 in
436 779 544 804 suam
569 767 740 814 redigent
758 769 999 812 potestatem.
1030 761 1094 799 Ad
1121 773 1204 810 quae
1235 761 1397 797 Flovent
1429 770 1436 795 :
1465 758 1506 795 Si
1526 769 1548 794 a
1576 767 1663 804 rege

110 834 344 870 Francorum
365 835 415 879 (p.
444 834 508 876 77)
529 831 597 867 sub
618 841 692 878 quo
712 839 853 873 mereo,
877 827 923 863 ad
946 834 982 864 te
1011 827 1227 870 defecerim,
1257 825 1434 862 omnibus
1462 827 1662 870 contemp-

110 901 165 935 tui
195 910 272 944 ero,
305 909 375 934 nec
401 899 552 934 crimen
585 897 712 932 fractae
740 896 827 931 fidei
857 895 966 931 facile
996 894 1154 931 diluam.
1183 894 1282 929 Tum
1310 890 1474 928 Flovent
1500 891 1660 937 Regem,

111 963 234 1000 denuo
254 963 404 1010 plagam
424 962 664 1005 inferentem,
689 961 822 1008 clypeo
841 962 992 1007 pressit,
1019 965 1056 996 et
1082 964 1214 1007 postea
1238 958 1291 995 illi
1323 968 1436 1004 grave
1459 957 1598 992 vulnus
1625 957 1664 991 in

111 1028 284 1072 axillam,
322 1027 443 1063 diffiso
472 1027 585 1063 simul
617 1026 698 1073 ejus
727 1026 874 1072 clypeo,
905 1025 1047 1062 intulit.
1084 1022 1139 1060 At
1170 1023 1256 1060 Rex
1282 1022 1414 1070 clypeo
1445 1027 1481 1057 et
1509 1020 1663 1067 reliquis

111 1093 227 1128 armis
261 1092 443 1128 continuo
464 1091 634 1138 abjectis,
658 1090 791 1126 urbem
811 1092 1032 1132 intraturus,
1062 1089 1286 1125 Florentem
1311 1087 1356 1137 (e)
1389 1086 1432 1122 ad
1460 1088 1581 1121 instar
1600 1085 1661 1120 in-

112 1157 228 1194 fantis
249 1157 316 1193 sub
338 1157 437 1192 alam
456 1167 593 1192 manus
613 1155 773 1201 arripuit
795 1152 846 1203 (f)
867 1155 1070 1201 curritque,
1096 1154 1205 1189 Tunc
1224 1153 1388 1189 Flovent
1411 1161 1549 1197 magna
1569 1159 1663 1185 voce

113 1223 293 1270 implorat
321 1233 432 1269 opem
452 1233 608 1258 suorum
633 1233 640 1256 :
664 1221 740 1257 Ubi
763 1232 844 1264 VOS,
881 1221 975 1257 socii
1006 1218 1110 1255 mei?
1129 1219 1341 1255 succcurite
1358 1217 1500 1254 festini.
1523 1215 1664 1252 Jofreir

112 1289 274 1326 admotis
307 1300 403 1336 equo
434 1289 657 1331 calcaribus,
690 1287 730 1322 in
762 1286 907 1333 Regem
940 1286 1089 1322 hastam
1114 1297 1222 1321 suam
1259 1291 1360 1321 tanta
1394 1287 1431 1320 vi
1463 1285 1660 1327 contorsit,

112 1358 168 1397 ut,
192 1354 350 1389 vulnere
372 1354 411 1388 in
431 1363 517 1388 ossa
547 1352 721 1396 deducto,
751 1353 835 1389 Rex
862 1363 1005 1399 pronus
1035 1352 1074 1386 in
1103 1357 1241 1387 terram
1269 1354 1474 1387 corrueret.
1502 1348 1665 1385 Flovent

118 1418 157 1454 in
188 1419 300 1466 pedes
336 1418 409 1454 cito
444 1422 606 1462 erectus,
640 1416 690 1465 (9)
730 1428 804 1454 uno
839 1419 915 1452 ictu
949 1422 1094 1463 partem
1130 1416 1287 1452 cassidis
1320 1420 1357 1451 et
1390 1425 1520 1450 aurem
1551 1413 1666 1460 Regis

113 1495 200 1520 cum
220 1493 358 1529 magna
376 1493 481 1529 genae
510 1487 615 1528 parte
635 1482 758 1528 gladio
778 1481 951 1518 abscidit.
983 1481 1080 1524 Rex,
1109 1485 1263 1527 accepto
1284 1479 1454 1524 vulnere,
1490 1478 1627 1514 clamat
1655 1488 1663 1514 :

113 1548 213 1593 Quin
244 1549 366 1595 parcis
394 1547 510 1591 mihi;
547 1558 684 1582 manus
705 1547 806 1582 enim
840 1547 958 1582 victas
989 1545 1107 1588 dabo;
1137 1553 1175 1582 et
1207 1546 1370 1591 pretium
1395 1542 1667 1590 redemptionis

114 1623 208 1648 meae
226 1611 468 1659 depensurus
490 1621 649 1658 regnum
682 1609 735 1659 (h)
769 1611 835 1646 tibi
864 1610 1028 1656 donabo,
1060 1610 1254 1657 filiamque
1285 1607 1549 1654 Marsibillam,
1584 1608 1666 1643 vir-

114 1678 262 1724 ginum,
286 1688 379 1724 quas
407 1682 508 1713 totus
540 1682 724 1712 terrarum
757 1676 858 1712 orbis
889 1675 1014 1717 habet,
1046 1674 1292 1721 pulcerimam
1327 1678 1489 1720 nuptum
1518 1672 1662 1709 locabo.

116 1742 278 1778 Flovent
297 1747 450 1789 accepta
480 1742 551 1776 hac
585 1740 816 1784 conditione,
855 1738 1009 1786 Regem,
1035 1740 1169 1776 tradito
1203 1739 1341 1786 gladio,
1378 1749 1474 1786 equo
1509 1737 1666 1784 imposi-

115 1814 196 1845 tum
217 1815 260 1845 ut
280 1808 436 1845 domum
457 1807 677 1846 devehatur,
701 1805 869 1841 abduxit.

168 1874 378 1910 Marsihilla
399 1873 504 1909 hisce
534 1872 747 1918 conspectis
776 1870 818 1918 (i)
847 1870 892 1906 ad
912 1870 1121 1917 Principes,
1148 1870 1186 1905 in
1208 1869 1300 1905 urbe
1321 1873 1563 1911 convocato&
1593 1867 1667 1903 cla·

114 1941 234 1976 mavit
257 1951 263 1974 :
291 1939 350 1974 Ibi
381 1937 636 1974 conductitius
662 1936 833 1972 Franciae
854 1936 964 1971 miles
984 1933 1100 1982 pa·*'p.
1134 1937 1317 1980 78)-trem
1339 1946 1467 1970 meum
1488 1933 1669 1969 vulnera-

116 2010 213 2050 tum,
236 2015 279 2041 ac
299 2004 455 2051 insuper
475 2008 625 2050 captum
654 2002 770 2037 ducit.
800 2000 956 2048 Oportet
983 2009 1109 2036 autem
1141 2011 1223 2043 vos,
1247 2000 1320 2035 fide
1343 1999 1558 2041 obstrictos,
1582 2008 1669 2033 ves-

117 2075 214 2106 tram
244 2080 311 2117 pro
331 2069 454 2105 salute
473 2069 554 2116 ejus
574 2066 801 2114 profundere
821 2067 939 2102 vitam
956 2079 964 2109 ;
988 2065 1236 2113 insequimini
1263 2064 1540 2101 conductitium
1562 2063 1669 2098 illum

160 2246 202 2284 (e)
226 2244 268 2277 F:
292 2244 420 2277 acriter
434 2243 543 2276 alium
565 2253 695 2285 equum
713 2244 863 2280 insiluit,
886 2246 922 2275 et
946 2252 983 2275 sc
1005 2241 1156 2274 virilitor
1179 2240 1349 2277 defendit,
1375 2243 1443 2272 etc.

160 2296 208 2337 (d)
230 2297 255 2327 F
280 2295 405 2329 addit:
427 2296 608 2328 Rucciam.

157 2352 202 2391 (e)
228 2351 257 2382 A
281 2351 336 2382 D:
361 2360 442 2383 cum
460 2354 612 2393 quatuor
635 2349 711 2382 alib*
741 2349 826 2380 virisv
851 2347 1011 2384 incurrit,
1038 2348 1214 2390 cepitque,
1243 2356 1284 2379 ac
1307 2346 1343 2378 in
1374 2345 1500 2378 urbem
1532 2343 1670 2376 trahere

119 2404 267 2437 studuit.

160 2459 201 2500 (s)
224 2458 250 2489 F
273 2457 372 2490 addit
393 2469 402 2490 :
427 2458 558 2499 quippe
582 2455 736 2488 Florenti
758 2465 792 2486 n·
811 2454 964 2496 pedibus
984 2454 1178 2496 procerior.

163 2512 208 2552 (q)
235 2512 264 2542 A
291 2510 465 2542 :festinus
489 2519 620 2551 equum
650 2507 799 2541 scandit,
821 2511 855 2539 et
882 2507 1056 2549 plurimos
1081 2517 1215 2542 eorum.
1235 2516 1256 2538 a
1279 2506 1411 2548 quibus
1443 2508 1548 2537 antea
1573 2508 1672 2536 tenc-

119 2564 238 2600 hatur,
263 2563 378 2605 gladio
399 2563 560 2605 peremit.
580 2561 728 2597 Deinde,
751 2564 818 2592 ete.

164 2616 214 2657 (h)
240 2617 288 2647 F:
312 2626 460 2658 regnum
484 2615 578 2657 quod
605 2618 709 2647 antea
737 2614 821 2650 dixi,
855 2614 911 2646 cui
935 2614 1076 2655 praesuit
1096 2614 1251 2648 Florent,
1277 2612 1547 2654 principemque
1565 2621 1674 2653 supra

120 2671 252 2703 multos
275 2670 369 2701 viros·
392 2672 425 2701 ie
444 2670 669 2701 constituam.

165 2723 204 2763 (i)
227 2723 264 2754 F.
290 2722 493 2764 Deliquium
516 2722 625 2754 animi
649 2721 723 2754 sere
753 2729 858 2762 passa
893 2723 956 2753 cst.
982 2720 1146 2752 Florenta
1177 2729 1260 2751 vero
1297 2719 1474 2760 fugientes
1509 2717 1672 2750 hortata:

122 2774 212 2807 Boni
234 2775 312 2815 viri⁷
338 2774 463 2816 inquit,
488 2775 554 2806 etc.
