1881 3104
750 120 1013 160 -151-

101 232 311 278 virginibus
334 233 456 268 valere
470 233 601 279 jussis,
625 244 689 279 per
706 232 895 279 posticum
915 233 1078 267 emissus
1100 231 1237 273 evadit,
1259 238 1295 267 et
1320 233 1424 268 omni
1442 233 1487 268 ab
1506 233 1655 280 impetu

105 302 220 337 tutus,
241 298 312 332 iter
332 298 466 343 pergit,
491 302 527 332 et
545 297 645 334 bona
662 299 724 332 avi
740 297 909 332 Parisios
930 298 1049 333 venit.

758 699 846 734 CAP.
878 698 993 733 XVI.

103 822 246 857 Flovent
273 823 395 857 reditu
416 824 557 864 (menis,
581 827 611 857 el
631 824 736 858 donis
756 824 975 864 Marsibillae,
1008 824 1145 857 amoris
1169 824 1227 857 sui
1252 822 1468 867 piynoribus
1494 823 1650 860 loetatus,

156 903 274 936 renem
296 894 524 928 Francorum
543 894 658 930 adiit.
688 905 793 938 quem
816 895 932 937 filiam
957 904 1060 927 suam
1091 897 1121 927 et
1146 890 1299 928 honores
1323 895 1544 937 offerentem,
1571 902 1653 926 ser-

156 975 260 998 mone
280 964 322 998 de
344 965 428 998 bello
447 968 592 999 strenue
611 966 837 1007 absolvendo,
860 966 1112 1009 interrumpit.
1135 964 1232 1006 Quod
1259 968 1289 999 et
1319 967 1576 1008 serataqemace
1596 973 1655 997 re-

157 1034 383 1077 dinewr-ant.
417 1034 712 1078 Conyredizmtur
732 1037 906 1078 ulrinque
926 1036 1081 1068 summis
1101 1035 1241 1068 viribus
1262 1035 1378 1078 Renes,
1404 1037 1435 1068 et
1455 1034 1657 1067 commilli-

159 1107 221 1137 [ur
246 1107 352 1138 atror
379 1108 410 1138 et
437 1105 672 1148 formidabile
701 1107 885 1149 praelz'um.
915 1103 1063 1140 Florem
1097 1109 1127 1138 el
1158 1105 1228 1138 Rem
1254 1103 1442 1139 samonum
1469 1113 1654 1137 summum

154 1175 236 1208 rilae
251 1177 458 1220 periculum
477 1177 629 1211 adeunt.
649 1175 811 1218 Quutuor
826 1177 931 1220 [reyes
951 1180 1079 1210 contra
1100 1180 1207 1221 caput
1235 1177 1417 1213 Floventis
1439 1177 1655 1219 conjurant,

155 1255 311 1288 quorum
327 1244 548 1291 principem,
572 1248 696 1291 Reqem
722 1248 930 1291 Falsarum,
955 1249 1112 1281 musculo
1132 1248 1281 1283 clericIt.

156 1385 286 1427 Otuni,
322 1386 489 1422 Parisios
524 1393 691 1433 tempore
721 1388 901 1431 gallicinii
928 1387 1115 1422 matutino
1146 1387 1328 1428 venienti,
1361 1394 1478 1432 portae
1510 1386 1658 1432 aperie-

105 1451 263 1492 bantur:
292 1452 424 1486 urbem
441 1456 568 1486 autem
599 1453 806 1497 ingressus,
831 1451 877 1486 ad
906 1452 1002 1486 lares
1027 1452 1219 1486 Hermetis
1242 1451 1375 1493 tendit,
1401 1459 1437 1486 et
1457 1450 1556 1486 fores
1583 1450 1656 1485 leni

106 1526 223 1550 manu
255 1516 393 1562 pulsat.
430 1515 594 1551 Flovent
626 1526 716 1551 casu
746 1514 897 1559 Omnis,
935 1528 1045 1563 quem
1085 1516 1124 1551 in
1155 1527 1303 1552 carcere
1341 1526 1422 1551 esse
1454 1515 1656 1561 cogitabat,

107 1582 368 1622 contristatus,
395 1586 545 1616 noctem
569 1582 786 1616 insomnem
811 1581 932 1624 duxit,
957 1587 994 1616 et
1013 1581 1225 1627 pulsatione
1252 1584 1302 1625 (p.
1329 1580 1391 1623 67)
1413 1579 1541 1614 audita
1561 1579 1660 1614 fores

107 1655 274 1680 reserare
289 1645 416 1691 jussit.
440 1645 600 1691 Cognito
620 1644 745 1680 Otune
767 1656 854 1680 eum
874 1646 1069 1692 amplexus
1088 1652 1124 1681 et
1145 1646 1351 1687 osculatus,
1369 1646 1421 1679 ait
1444 1653 1452 1681 :
1479 1645 1546 1679 Dic
1565 1644 1662 1678 milii

105 1708 207 1745 Otun
240 1712 354 1754 socie,
380 1721 454 1757 quo
481 1717 590 1756 pacto
619 1712 785 1752 erasisti,
807 1716 873 1745 aut
893 1711 976 1757 quis
1000 1717 1034 1745 te
1062 1710 1302 1745 liberaverit?
1322 1709 1429 1744 illum
1451 1709 1555 1744 omni
1576 1708 1660 1743 offi-

106 1775 251 1810 ciorum
278 1786 415 1820 genere
443 1786 649 1822 prosequar
672 1781 708 1810 et
737 1775 972 1810 demerebor.
1006 1775 1218 1821 Respondit
1245 1774 1345 1809 Otun
1367 1784 1374 1809 ;
1395 1773 1473 1815 Sta,
1497 1772 1661 1808 Domine

105 1839 279 1882 Florent,
304 1839 409 1876 hisce
436 1842 636 1887 promissis
667 1841 760 1882 tuis,
785 1847 821 1876 et
841 1841 977 1876 seriem
1000 1842 1115 1876 totius
1134 1840 1187 1875 rei
1208 1840 1309 1875 illico
1330 1839 1530 1885 exposuit:
1554 1837 1607 1872 Te
1622 1839 1660 1872 in

105 1906 207 1950 sinu,
231 1915 360 1940 amore
388 1911 427 1941 et
452 1905 596 1941 deliciis
626 1905 739 1941 habet
760 1905 980 1948 Marsibilla,
1006 1906 1114 1951 cujus
1134 1904 1317 1940 beneficio
1339 1915 1359 1939 e
1380 1913 1529 1939 carcere
1547 1901 1659 1937 educ-

105 1975 165 2004 tus
181 1970 254 2005 huo
275 1969 383 2005 redii.
408 1968 536 2006 Offero
558 1970 625 2006 tibi
645 1981 666 2005 a
683 1970 892 2006 Marsibilla
912 1970 1043 2012 missa,
1062 1971 1211 2015 insigne
1224 1979 1375 2015 nempe,
1400 1973 1436 2003 et
1457 1967 1657 2012 annulum,

104 2034 382 2080 pretiosissima
405 2045 554 2080 gemma
584 2034 792 2081 fulgentem
819 2046 902 2082 quae
929 2045 1190 2082 possessorem
1210 2035 1349 2069 virtute
1371 2043 1439 2067 sua
1458 2032 1504 2067 ab
1526 2033 1658 2067 incan-

107 2099 298 2142 tamentis,
323 2110 484 2143 veneno,
509 2106 545 2136 et
571 2100 764 2136 fraudibus
789 2105 956 2135 servaret
982 2102 1209 2135 immunem.
1240 2098 1399 2134 Flovent
1426 2095 1618 2142 respondit
1646 2106 1654 2131 ;

106 2165 194 2200 Non
214 2169 270 2199 est
289 2164 388 2211 quod
407 2164 569 2208 dubites,
595 2163 712 2208 Otun,
737 2164 782 2200 de
800 2164 872 2199 fide
894 2175 977 2199 mea
998 2164 1037 2198 in
1058 2174 1156 2206 eam,
1181 2173 1263 2210 quae
1285 2168 1320 2197 te
1342 2162 1379 2196 in
1401 2163 1559 2208 gratiam
1580 2162 1657 2195 mei

107 2229 271 2264 libertati
292 2229 481 2273 restituit;
505 2240 703 2276 nunquam
723 2230 783 2265 vel
809 2229 1014 2264 minimum
1036 2228 1081 2263 de
1099 2227 1170 2263 fide
1192 2238 1274 2262 mea
1293 2227 1499 2267 remittam,
1523 2235 1660 2272 quam-

106 2294 163 2329 vis
196 2305 273 2328 non
305 2294 461 2340 praevlita
490 2300 589 2329 esset
614 2294 833 2336 virtutibus,
868 2293 974 2340 queis
1005 2300 1041 2328 te
1072 2292 1256 2328 referente
1280 2291 1411 2326 enitet.
1436 2290 1506 2325 His
1531 2288 1657 2332 dictis,

105 2357 305 2405 Otuneque
327 2358 409 2394 cibo
431 2363 468 2393 et
487 2364 578 2404 potu
595 2360 747 2402 refecto,
771 2359 888 2407 quieti
909 2369 950 2394 se
971 2357 1117 2394 dedere.

157 2423 239 2459 Hoc
260 2424 348 2458 anni
372 2429 540 2469 tempore
560 2424 696 2471 majus,
720 2424 866 2471 primus
890 2424 1030 2459 aestatis
1051 2424 1209 2465 mensis,
1234 2421 1412 2463 instabat,
1429 2418 1659 2466 quilongio-

105 2498 185 2522 rem
205 2488 320 2530 diem,
341 2489 472 2523 mitius
493 2489 645 2529 coelum,
669 2488 920 2524 virescentem
941 2493 1094 2530 terram,
1121 2494 1157 2523 et
1188 2486 1386 2522 frondosas
1416 2483 1541 2530 sylvas
1564 2493 1657 2529 pro·

107 2552 242 2587 ducere
264 2553 372 2587 solet.
395 2552 557 2588 Flovent
572 2559 722 2600 postero
743 2553 802 2589 die
822 2554 936 2588 mane
957 2563 1116 2598 surgens
1145 2551 1292 2597 Regem
1313 2550 1497 2593 invisenS‚
1521 2547 1658 2582 talibus

109 2617 244 2652 salutat
273 2617 394 2652 verbis
424 2629 432 2652 ε
465 2617 652 2654 Dominus
680 2617 780 2653 orbis
810 2623 860 2660 te,
891 2616 987 2660 Rex,
1018 2615 1219 2659 custodiat,
1245 2614 1430 2659 rebusque
1460 2612 1660 2646 confirmet

111 2682 300 2718 secundis.
325 2681 395 2718 Cui
422 2682 506 2719 Rex
538 2691 548 2720 t
579 2682 710 2718 eadem
738 2679 787 2731 (p.
818 2680 879 2730 68)
901 2682 1001 2718 bona
1028 2681 1097 2715 tibi
1120 2691 1265 2727 precor.
1293 2683 1387 2729 Ego,
1411 2681 1531 2728 pergit
1556 2677 1654 2718 Rex,

112 2748 226 2783 lilim]
248 2759 371 2783 meam
393 2746 458 2783 tibi
478 2747 731 2794 despondebo,
752 2753 862 2795 teque
880 2747 1059 2784 comitem
1077 2748 1320 2794 constituam,
1340 2752 1382 2783 ut
1401 2747 1578 2792 Regnum
1596 2752 1656 2777 me
