1881 3104
102 184 280 217 rac-ante.
300 178 346 216 In
371 182 554 229 utroque
571 181 689 217 textu
708 178 963 216 adolescens
979 178 1159 217 barbam
1172 178 1384 228 magistro
1405 181 1567 227 tondet,
1581 181 1654 231 qui

100 245 169 283 hic
189 243 400 286 Seneeleal,
425 243 513 282 illic
535 243 709 282 Salamlo
725 243 898 291 dicitur,
920 243 997 281 sed
1020 247 1061 281 et
1081 243 1125 280 in
1147 243 1391 281 hollandico
1407 243 1653 293 fragmento

100 307 315 355 Saffiaercl,
348 308 393 346 id
414 312 494 355 est,
521 307 686 347 Salard.
728 308 791 347 Ob
825 308 1063 347 admissam
1089 307 1295 358 inJ'uriam
1325 309 1650 349 exterminatur.

100 374 179 413 Hic
207 378 249 412 et
270 374 356 412 illic
378 373 612 413 Richarius
633 373 826 423 (Richter,
848 374 1056 420 Reburri),
1078 373 1150 423 qui
1172 373 1324 412 aberat
1345 385 1482 423 quum
1510 375 1651 413 exsilii

99 439 382 478 damnaretur
396 438 579 485 amicus,
594 437 755 489 reginae
775 450 821 476 se
839 437 926 476 filio
950 437 1119 476 socium
1149 438 1240 476 fore
1262 438 1504 488 pollicetur.
1531 438 1656 477 Floo-

96 515 204 541 vans
222 502 355 541 filiam
384 501 502 553 regis
523 501 640 540 Flori
663 506 736 540 aut
757 501 891 540 Fiorii
915 502 1044 553 (quod
1068 501 1182 539 idem
1205 505 1273 539 est
1292 508 1464 545 nomen)
1494 515 1515 540 e
1548 502 1650 541 Sar-

97 579 354 605 racenorum
389 567 591 605 manibus
621 567 791 614 liberat,
816 566 885 605 hic
915 566 1091 617 quiden]
1115 565 1331 603 Florettam
1367 567 1486 617 regis
1518 568 1652 606 Auser

98 631 246 679 filiam,
270 632 357 671 illic
393 631 524 671 sliam
564 631 682 683 regis
723 632 964 670 Dardennae
1003 632 1062 679 (id
1089 635 1157 670 est
1182 631 1435 678 Ardennae)⁷
1461 636 1502 670 et
1524 631 1651 670 Floo-

99 697 241 736 vantis
264 697 593 744 consobrinam3
613 709 689 736 cur
707 697 909 735 italianus
926 696 1401 748 scriptorquaedamhic
1421 697 1651 735 mutaverit

98 762 209 800 infra
226 762 490 800 videbimus.
516 762 564 800 In
588 765 773 812 utroque
798 765 915 800 textu
939 775 962 800 a
982 762 1182 812 Fernagu
1205 762 1485 800 lacessuntur
1509 765 1564 807 et,
1587 762 1651 799 in-

100 831 164 865 ter
193 827 488 878 pugnandum,
511 839 536 865 a
557 827 711 866 Turcis
731 840 739 874 3
763 828 806 865 in
833 831 1016 878 utroque
1040 827 1168 865 etiam
1195 827 1429 865 Richarius
1451 826 1652 865 Sarrace-

97 903 199 930 num
226 891 472 942 fugitivum,
495 891 653 930 occisis
677 892 808 930 sociis
831 892 1063 937 dolentem,
1090 891 1314 930 interimit.

148 955 323 995 Fabula}
346 956 465 1007 prior
485 968 587 1007 pars
615 969 754 1007 usque
778 957 829 995 ad
851 957 994 995 locum
1016 956 1092 995 uhi
1118 956 1452 1006 interrumpitur
1472 956 1653 1007 gallicus

98 1024 254 1068 textus,
290 1021 451 1072 optime
490 1022 558 1061 hic
599 1026 640 1060 et
670 1022 755 1060 illic
793 1022 1007 1073 congruit.
1047 1021 1297 1060 Verisimile
1332 1024 1476 1059 autem
1512 1025 1578 1059 est
1610 1021 1653 1059 in

99 1090 215 1125 textu
246 1086 399 1137 gallico
430 1086 544 1125 sicut
567 1087 610 1125 in
641 1087 831 1133 italiano,
866 1087 1139 1133 Richarfflm,
1164 1086 1459 1133 Floovantem,
1485 1086 1651 1124 Floret-

99 1155 270 1201 tamque
299 1151 357 1198 (in
380 1151 468 1190 ital.
497 1151 644 1201 L'lc'am)
665 1155 764 1202 post
782 1151 927 1190 varios
950 1163 1121 1190 errores
1145 1151 1197 1189 ad
1220 1151 1361 1189 aulam
1384 1151 1502 1201 regis
1519 1152 1651 1189 Ausae-

101 1216 216 1255 Florz'
248 1216 304 1267 (in
343 1216 458 1255 ital.:
496 1217 615 1268 regis
649 1217 890 1255 Dardennae
923 1217 1063 1268 Firmi)
1087 1217 1328 1268 pervenire.
1361 1216 1438 1254 Hic
1475 1228 1577 1254 vero
1614 1215 1652 1254 si

96 1281 388 1332 narrationem
411 1281 575 1319 italiani
598 1284 740 1320 textus
763 1281 1002 1331 sequimur,
1026 1282 1162 1319 multa
1183 1293 1276 1331 quae
1290 1280 1653 1331 praebetgallicus

97 1347 251 1385 deesse
286 1348 488 1397 apparet;
512 1350 685 1396 captum
715 1345 880 1384 scilicet
912 1346 1139 1384 castellum
1165 1346 1362 1391 stt-enam,
1386 1344 1653 1394 Maugaliam

36 1437 41 1443 -
97 1410 266 1450 Galiani
294 1410 427 1448 filiam
473 1410 586 1448 inter
619 1410 812 1461 captivos
854 1414 1095 1456 versatam,
1134 1409 1340 1448 conviciis
1376 1409 1548 1447 tandem
1588 1409 1654 1447 in-

98 1479 162 1513 ter
196 1486 242 1512 se
289 1473 554 1524 Maugaliam
593 1473 916 1524 Florettamque
958 1478 1188 1513 certantes.
1232 1475 1318 1513 Sed
1366 1473 1409 1511 in
1464 1477 1649 1524 utroque

100 1542 217 1577 textu
262 1538 427 1577 castelli
469 1538 668 1576 custodia
708 1537 932 1577 Floovanti
969 1534 1259 1590 Richarioque
1296 1542 1338 1577 et
1380 1538 1506 1576 tertio
1540 1538 1652 1586 duci,

102 1603 280 1642 Urbano
305 1603 545 1641 Alemanno
568 1602 612 1640 in
633 1603 749 1653 gall..
781 1603 962 1642 Tibaldo
991 1604 1030 1642 di
1060 1604 1182 1642 Lima
1212 1604 1253 1641 in
1282 1604 1387 1648 ital..
1415 1603 1652 1642 committi-

101 1673 191 1716 tur3
226 1669 269 1707 in
300 1671 484 1718 utroque
512 1680 590 1718 per
623 1668 911 1718 proditionem
947 1669 1133 1707 duorum
1169 1668 1358 1707 filiorum
1392 1669 1510 1719 regis
1532 1668 1649 1707 Flori

97 1736 171 1772 aut
192 1733 340 1779 Fiorii,
376 1732 722 1770 Maudarannum
754 1732 922 1771 scilicet
953 1737 994 1771 et
1022 1733 1301 1772 Maudorium
1334 1732 1421 1785 (aut
1449 1734 1582 1772 Lione
1607 1735 1649 1771 et

96 1798 318 1847 Lionello),
344 1811 367 1836 a
389 1797 638 1836 Sarracenis
661 1801 943 1850 recuperatur
963 1799 1204 1837 castellum.
1229 1798 1277 1836 In
1308 1802 1492 1849 utroque
1525 1799 1648 1837 Floo-

96 1875 202 1902 vans
225 1863 267 1901 in
302 1863 456 1901 urbem
487 1862 825 1901 Sarracenorum
858 1863 1021 1913 regiam
1056 1863 1230 1902 ducitur
1259 1875 1355 1914 qua]
1378 1864 1447 1902 hic
1472 1864 1642 1904 Bame.

97 1927 140 1966 id
161 1931 228 1966 est
247 1926 406 1971 Balatu..
431 1927 517 1965 illic
538 1926 669 1965 Balcla
689 1930 884 1966 vocatur.
908 1927 1039 1965 Balda
1063 1941 1086 1966 a
1106 1927 1248 1966 Balma
1274 1941 1403 1979 prave
1426 1928 1646 1967 detortum

99 2004 196 2031 esse
217 1991 456 2031 verisimile
477 1991 586 2030 satis
609 1995 689 2030 est.

151 2056 216 2094 Ibi
247 2069 349 2094 vero
372 2056 559 2107 divergit.
585 2057 789 2095 narratio.
816 2057 983 2096 Etenim
1004 2070 1089 2096 non
1123 2058 1286 2096 oblitus
1310 2062 1377 2096 est
1399 2059 1548 2099 lector,
1574 2069 1646 2096 so-

98 2122 186 2160 lum
208 2120 490 2159 Floovantom
524 2121 566 2159 in
599 2134 816 2160 carcerem
839 2124 1080 2172 projectum
1110 2122 1272 2167 fuisse;
1298 2122 1552 2162 Richarium
1573 2134 1648 2160 au-

99 2191 206 2232 tem,
242 2190 475 2237 postquam
508 2186 600 2237 regi
633 2187 765 2225 Ausae
801 2186 927 2225 Floro
963 2187 1111 2226 tristes
1144 2188 1321 2226 nuntios
1355 2188 1569 2232 attulerat,
1605 2190 1647 2225 et

99 2250 339 2301 hospitium
358 2250 411 2288 al]
438 2250 642 2289 Emelone
665 2253 790 2301 cujus
807 2250 944 2289 filium
968 2251 1009 2289 in
1029 2252 1264 2290 certamine
1288 2251 1502 2290 interfecit
1524 2263 1645 2289 acce-

99 2318 233 2365 perat,
256 2315 300 2352 in
322 2315 475 2353 urbem
495 2315 677 2362 Gallam,
696 2316 781 2354 imo
803 2316 845 2353 in
868 2328 1084 2355 carcerem
1108 2317 1643 2368 Floovantispenetrasseg

99 2379 329 2418 duodecim
363 2383 507 2418 autem
541 2380 684 2419 Duces
715 2380 940 2419 Floovanti
974 2387 1086 2420 nunc
1117 2382 1394 2433 captivitatiS‚
1418 2393 1517 2419 mox
1539 2392 1645 2430 sup-

99 2444 216 2494 plicii
251 2444 396 2483 socios
432 2444 602 2484 additos
633 2457 753 2492 esse;
790 2457 942 2484 omnes
963 2450 1122 2493 autem,
1159 2448 1329 2485 favente
1366 2445 1567 2484 Richario
1604 2447 1646 2482 et

99 2508 333 2560 Maugalia,
351 2510 515 2547 frustra
536 2514 827 2560 prosequente
850 2509 1043 2554 Galiano,
1066 2512 1291 2563 aufugisse
1318 2523 1325 2548 :
1352 2510 1522 2548 tandem
1544 2509 1643 2547 Flo-

100 2585 209 2620 rum,
232 2573 430 2623 fugitivis
452 2574 719 2623 auxiliatum,
744 2575 1007 2615 Sarracenos
1026 2577 1301 2627 profligasse.

153 2637 202 2676 In
234 2638 323 2677 ital.
364 2642 480 2678 textu
512 2652 582 2678 res
617 2653 714 2679 sese
747 2641 871 2679 aliter
899 2642 1072 2680 habent.
1105 2641 1335 2681 Richarius
1367 2644 1408 2679 et
1429 2641 1644 2679 Floovans

101 2703 213 2753 capti
235 2703 457 2743 Galeranae
495 2707 538 2743 et
568 2704 835 2756 Drugiolinae
863 2706 1138 2762 custodiendi
1170 2706 1512 2753 committuntur,
1542 2705 1644 2743 dum
