1881 3104
735 112 998 152 -121-

92 223 202 265 sime,
227 227 264 258 et
283 222 451 260 fallentis
485 224 567 272 spei
594 223 761 275 juvenis,
785 224 915 272 fugam
945 224 1173 266 accelerare;
1197 234 1310 258 nemo
1337 223 1441 258 euim
1473 227 1647 259 nostrum

93 288 139 323 ad
169 293 204 323 te
239 289 541 334 properantium,
575 295 662 325 ante
690 289 852 333 recedit,
884 301 998 336 quam
1034 300 1187 336 poenam
1219 287 1417 324 commissi
1448 287 1648 323 homicidii

94 351 242 387 dederis
272 353 582 396 meritissimam,
625 366 673 390 ne
713 355 885 402 egregios
917 366 1023 390 meos
1057 354 1158 390 viros
1192 352 1372 400 flagranti
1402 352 1459 387 ira
1491 352 1649 397 post-hac

94 417 256 453 occidas.

148 482 423 529 Imperatorem
466 496 607 532 magna
650 496 736 521 cum
770 485 1038 532 indignatione
1072 484 1119 523 ad
1151 496 1189 520 se
1224 484 1444 530 loquentem
1484 481 1648 516 Flovent

95 548 258 585 audivit.
282 548 520 597 Quapropter
550 551 717 597 optimus
733 551 796 586 hic
813 551 986 597 juvenis,
1015 555 1147 596 utpote
1169 549 1233 595 qui
1262 552 1494 595 praetextatae
1527 544 1649 580 adhuc

93 617 129 647 et
158 614 318 659 puerilis
351 625 467 662 prope
500 616 623 652 aetatis
648 621 740 657 erat,
777 616 900 651 Deum
933 615 1036 650 hunc
1066 615 1106 649 111
1142 613 1299 649 modum
1330 617 1535 659 precatur:
1559 608 1649 646 Om-

93 672 421 724 nipotens'Dous,
457 681 523 727 qui
553 682 683 717 omnia
715 682 918 729 gubernas,
953 680 1124 727 indulge,
1162 690 1305 726 quaeso,
1340 678 1516 724 precibus
1536 676 1645 718 meis,

93 746 130 776 et
150 742 273 778 scelus
293 750 490 789 peractum
521 746 693 782 condona
717 760 723 781 z
747 746 891 792 respice
911 746 1072 781 vulnera
1091 744 1184 780 Filii
1214 744 1284 787 tui,
1309 742 1525 780 Assertoris
1555 741 1646 783 mei,

93 805 268 853 mihique
294 808 429 843 fluenti
459 814 495 844 et
523 812 834 857 procumben-(p.
876 809 989 858 11)-11
1027 810 1198 846 subsidio
1226 809 1316 844 veni
1351 821 1359 843 ε
1393 808 1567 843 animum
1614 810 1649 840 et

94 870 195 906 vires
222 871 320 906 mihi
345 873 559 920 suppedito,
584 886 795 922 corpusque
817 887 947 910 meum
977 874 1138 917 custodi,
1162 886 1208 910 ne
1239 873 1390 910 occidar
1417 871 1477 906 vel
1506 870 1646 905 tradar.

95 933 171 970 Fac
200 941 243 970 111
270 942 400 972 noster
428 948 654 985 congressus
684 944 845 986 utraque
879 951 922 975 ex
952 944 1057 986 parte
1090 939 1288 974 decentem
1326 937 1422 972 ferat
1453 941 1648 976 eventum,

95 998 183 1034 Tibi
204 1006 331 1036 autem
353 1002 577 1048 gloriosum.
603 1004 683 1051 Ego
706 1004 809 1039 enim
825 1004 979 1051 juvenis
997 1015 1196 1050 nunquam
1217 1003 1258 1038 in
1280 1014 1434 1038 arenam
1457 999 1647 1036 descendi.

94 1063 203 1107 Quod
235 1065 267 1100 si
285 1078 459 1102 reversus
479 1078 565 1102 cum
587 1068 821 1114 Imperatore
841 1068 1080 1115 congrediar,
1109 1079 1171 1103 me
1199 1072 1419 1114 superatum
1453 1066 1500 1101 iri
1521 1065 1650 1101 certis-

95 1129 217 1165 simus
246 1142 330 1166 sum
357 1143 363 1165 z
395 1143 484 1167 nam
517 1132 583 1167 ille
613 1132 720 1168 audit
748 1133 870 1168 Heros
907 1133 998 1167 belli
1028 1137 1217 1179 expertus,
1243 1131 1308 1178 qui
1338 1142 1495 1166 usuram
1517 1130 1651 1166 trium-

95 1194 221 1241 phalis
242 1195 388 1231 decoris
411 1196 637 1243 saepiuscule
657 1198 889 1244 preecerpsit.
922 1198 990 1233 Sin
1017 1198 1058 1232 in
1088 1197 1218 1244 fugam
1238 1208 1300 1232 me.
1327 1195 1477 1238 dedero,
1502 1195 1651 1241 fugien-

95 1259 145 1295 tis
165 1261 328 1307 vestigia
349 1262 501 1308 premit,
526 1263 730 1309 subitoque
749 1275 810 1298 me
830 1263 1001 1298 retrahit.

155 1325 310 1361 Anxius
332 1327 493 1374 ancipiti
519 1327 612 1362 adeo
639 1328 821 1374 periculo,
846 1328 1091 1375 incertusque
1119 1327 1210 1374 quid
1235 1331 1376 1373 ageret,
1399 1326 1553 1361 demum
1582 1325 1654 1361 1100

98 1391 140 1426 111
172 1397 267 1427 aestu
297 1392 555 1439 periculorum
591 1398 744 1440 portum
776 1393 873 1428 vidit
914 1393 1152 1428 tutissimum
1195 1392 1372 1426 (livinum
1414 1389 1654 1436 implorando

105 1457 306 1493 auxilium.
332 1457 536 1492 Summum
565 1458 643 1505 jam
670 1458 839 1500 Numen,
874 1458 1069 1504 inquiens,
1092 1458 1328 1503 Beatamque
1354 1455 1538 1502 viginem
1570 1454 1655 1490 Ma-

103 1523 200 1559 riam
222 1523 393 1569 supplex,
417 1534 562 1570 precor,
599 1534 664 1559 oro
694 1529 731 1559 et
765 1524 946 1567 obtestor,
970 1530 1011 1559 ut
1043 1535 1104 1558 me
1133 1523 1246 1559 hodie
1282 1523 1321 1557 in
1355 1522 1514 1556 tutelam
1546 1531 1655 1555 suam

100 1589 273 1636 recipiat,
298 1589 380 1623 sine
400 1599 475 1636 qua
495 1588 540 1623 de
560 1600 621 1623 me
638 1588 717 1634 Jam
739 1595 866 1624 actum
889 1594 944 1624 est
962 1594 999 1624 et
1018 1588 1315 1624 conclamatum.

151 1653 223 1689 His
245 1654 357 1690 dictis
379 1654 554 1689 animum
584 1654 738 1700 recepit,
763 1658 799 1688 et
825 1665 922 1700 equo
944 1654 1155 1689 calcaribus
1182 1652 1387 1693 concitato,
1410 1651 1487 1687 11011
1505 1650 1653 1696 impetu

99 1719 140 1755 in
162 1720 396 1756 avunculum
430 1731 542 1754 suum
564 1730 716 1754 cursum
749 1719 950 1755 convertit.
985 1719 1049 1754 Illi
1083 1719 1235 1754 strenue
1271 1721 1538 1753 concurrentes
1561 1716 1655 1750 alter

100 1786 140 1821 111
174 1785 335 1820 alterum
374 1785 522 1819 hastam
561 1785 758 1819 contorsit.
803 1785 1015 1831 Imperator
1046 1783 1154 1818 irrito
1191 1793 1387 1823 successu;
1425 1786 1463 1816 at
1493 1780 1656 1815 Flovent

99 1855 208 1885 tanta
224 1849 262 1883 ri
280 1849 452 1895 jaculum
482 1849 624 1889 emisit,
650 1855 691 1884 ut
723 1850 833 1885 hosta
852 1850 1030 1896 clypeum
1052 1854 1087 1885 ct
1114 1848 1273 1884 loricam
1295 1846 1340 1896 (e)
1365 1858 1409 1881 ex
1438 1852 1655 1880 transverso

99 1913 169 1949 sub
192 1914 265 1955 ala,
292 1925 447 1960 corpore
467 1919 596 1950 tamen
616 1915 752 1957 illaeso,
776 1920 1004 1961 penetraret,
1030 1920 1071 1949 ut
1088 1914 1300 1960 Imperator
1329 1923 1375 1947 ex
1396 1922 1492 1958 equo
1520 1909 1655 1956 praeci-

98 1980 296 2027 pitaretur.
336 1979 419 2022 Quo
455 1979 606 2015 labente
641 1980 792 2027 gladius
827 1980 923 2015 forte
946 1980 995 2030 (p.
1022 1977 1078 2026 12)
1104 1979 1244 2025 vagina
1275 1988 1419 2013 vacuus
1453 1975 1493 2009 in
1518 1980 1656 2009 terram

99 2044 278 2091 delapsus
310 2051 379 2086 est,
402 2055 515 2091 quem
537 2043 689 2080 Otunus
712 2047 751 2090 (f)
774 2044 877 2080 illico
899 2055 1100 2080 occurrens
1128 2042 1302 2089 arripuit,
1338 2041 1501 2077 Florent
1528 2042 1656 2073 antem

99 2122 240 2157 equum
275 2111 407 2145 ornate
440 2110 670 2146 instructum
710 2110 900 2157 praedatus
937 2109 1033 2144 dixit
1069 2121 1075 2143 :
1109 2108 1223 2144 Hunc
1255 2119 1323 2155 ego
1361 2115 1560 2151 nunquam
1582 2103 1657 2139 tibi

99 2174 269 2217 reddam,
294 2175 365 2209 etsi
388 2185 474 2209 eum
493 2186 541 2209 xx
558 2175 725 2210 marchis
746 2174 942 2221 purissimi
965 2174 1047 2209 auri
1068 2178 1112 2218 (9)
1140 2173 1326 2208 redimere
1353 2171 1483 2207 velles.
1508 2169 1656 2206 Deinde

98 2239 380 2286 Magrimonem
401 2238 566 2282 insiluit,
590 2239 912 2286 subsequentibus
946 2239 1209 2285 stipatoribus,
1241 2238 1379 2284 quibus
1401 2237 1538 2274 clarior
1570 2248 1654 2283 spes

96 2304 255 2351 jamjam
277 2303 457 2350 affulgere
477 2303 605 2350 coepit,
629 2315 676 2339 ne
698 2304 738 2338 111
759 2303 848 2339 orbe
869 2303 1046 2339 Romano
1068 2303 1243 2350 capiendi
1264 2303 1400 2338 forent.

139 2486 186 2522 (e)
204 2485 235 2516 A
262 2487 296 2515 et
322 2484 349 2515 F
377 2484 517 2516 addunt
538 2485 727 2525 triplicem.
756 2485 854 2516 Deus
881 2487 1001 2515 autem
1026 2493 1154 2524 corpus
1179 2484 1255 2523 ejus
1285 2483 1457 2513 intactum
1484 2480 1650 2517 servavit,

99 2537 187 2570 alius
217 2539 265 2577 (ut
302 2538 417 2579 inquit
448 2537 540 2579 Mag.
577 2539 708 2578 Simon)
741 2538 944 2570 convivium
977 2538 1054 2578 ejus
1090 2537 1223 2578 tragico
1257 2536 1342 2567 sane
1377 2535 1474 2566 exitu
1508 2534 1647 2565 finitum

101 2591 239 2624 fuisset.

142 2645 185 2686 (f)
209 2646 241 2676 Α
265 2657 270 2676 :
297 2645 428 2680 Othun,
454 2645 482 2675 B
504 2644 528 2675 C
546 2644 571 2675 F
592 2656 598 2675 :
621 2644 728 2680 Otun.
754 2645 782 2675 D
807 2658 812 2675 :
833 2643 962 2676 Otuen.

142 2700 190 2740 (9)
221 2699 275 2729 A:
306 2698 432 2739 viginti
463 2697 633 2729 oneribus
659 2697 737 2728 auri
765 2697 921 2734 contriti,
952 2700 1086 2738 quauta
1099 2691 1181 2738 ipse
1210 2706 1323 2738 equus
1346 2700 1488 2738 portare
1508 2695 1651 2738 poterit,

107 2753 280 2785 redimere
304 2752 426 2784 relies.
451 2751 500 2782 D:
525 2749 650 2791 viginti
671 2749 853 2781 asinorum
873 2757 992 2780 onera.
