1881 3104
184 224 342 265 tradita
362 224 567 262 referant.
595 222 757 262 Omnes
779 222 914 273 igitur
945 233 1055 272 quos
1087 219 1395 271 cognoscimus
1426 221 1569 258 textus
1595 231 1746 258 reeen-

187 301 382 329 seamus.

237 354 269 393 I.
294 354 353 392 De
386 353 592 394 Floemente
618 352 775 404 fabula.
812 374 855 380 --
887 351 1023 390 Primi
1050 351 1168 401 regis
1195 350 1429 390 Christiani
1454 349 1660 389 Cloovisii
1693 349 1747 388 fi-

186 419 288 467 lius,
329 419 382 457 ob
428 417 683 469 praeeeptori
724 417 886 455 illatam
936 416 1160 467 injuriam,
1211 416 1333 455 exsul
1384 426 1570 465 regnum
1616 414 1681 453 Au
1694 426 1751 454 sae

189 482 344 536 (Alsze),
369 482 412 521 id
435 484 503 520 est
523 481 701 529 Alsatiae
724 481 815 520 sive
845 481 1087 520 Austrasiae
1109 481 1234 532 petit,
1257 492 1494 530 regemque
1517 479 1696 518 Florum
1725 492 1748 517 a

187 547 440 588 Sarraeenis
471 546 648 594 liberat3
672 546 925 597 Malgaliam
954 545 1134 592 Gabeni,
1161 545 1278 595 regis
1310 544 1667 591 Sarracenorum,
1698 543 1748 582 fi-

186 614 287 651 liam
310 624 489 652 uxorem
511 612 653 659 dueit;
679 611 778 650 dein
807 611 919 662 patri
950 624 974 649 a
995 609 1246 649 Sarraeenis
1268 609 1473 648 lacessito
1496 609 1749 648 auxiliatum

190 677 393 725 aeeurrit,
418 680 473 723 et,
496 679 669 715 mortuo
690 679 826 727 patre,
852 687 1034 727 regnum
1058 675 1248 714 Franeiae
1271 678 1467 725 oeeupat.

241 743 296 782 ΙΙ.
323 742 380 781 De
400 741 626 782 Flooventz's
646 741 735 793 filia
755 740 911 792 fabula.
935 763 983 769 -
1010 740 1144 779 Modo
1172 740 1378 786 vidimus,
1405 739 1646 778 seeundum
1674 739 1750 778 Ai-

187 807 383 846 berieum
419 807 681 845 monachum
716 805 1099 845 Trium-Fontium
1141 808 1182 843 et
1215 805 1459 844 Johannem
1505 805 1749 852 Bodellum,

190 873 470 911 Flooventem
494 872 702 911 Cloovisii
723 871 860 910 filium
882 872 925 910 in
947 872 1028 910 hoe
1046 883 1217 910 errasse
1240 871 1356 922 quod
1378 871 1510 909 filiam
1533 870 1753 909 Saxonum

189 938 288 977 duei
311 949 490 976 uxorem
519 937 733 983 dedisset,
758 937 872 975 unde
902 937 1117 975 bellorum
1139 948 1268 975 casus
1301 935 1382 975 orti
1414 936 1605 975 Francos
1638 936 1755 975 inter

190 1005 231 1041 et
264 1002 485 1048 Saxones,
516 1001 677 1052 quibus
720 1014 798 1053 per
837 1002 1012 1052 longam
1049 1013 1260 1040 annorum
1290 1001 1449 1039 seriem
1490 1001 1754 1040 continuatis

190 1068 318 1105 finem
341 1066 486 1105 attulit
509 1066 718 1117 inclytum
743 1067 849 1105 illud
870 1066 1175 1117 CaroliMagni
1193 1065 1514 1104 etWitiehindi
1543 1066 1750 1104 duellum.

240 1132 317 1170 ΠΙ.
341 1131 399 1169 De
420 1131 636 1169 Μίνηιαητσ
662 1131 803 1183 fabula
823 1131 1058 1183 (Mirmans
1081 1130 1228 1183 Saga).
1255 1154 1305 1158 —
1337 1130 1519 1170 Comitis
1541 1131 1754 1170 Mirman-

190 1198 245 1236 tis
278 1196 463 1235 historia
494 1210 517 1235 a
544 1197 700 1248 gallico
734 1202 934 1235 trovatore
964 1197 1139 1248 scripta,
1171 1209 1284 1236 nune
1313 1197 1440 1235 modo
1471 1196 1515 1234 in
1543 1195 1755 1234 islandiea

188 1263 390 1303 versione
422 1265 624 1301 servatur
654 1274 784 1312 quam
813 1262 1034 1300 continent
1057 1262 1248 1312 quinque
1276 1262 1449 1300 codices
1478 1261 1753 1300 bibliothecae

190 1327 443 1367 Hafniensis
479 1326 559 1378 (B.
593 1327 722 1366 Arna}
753 1326 971 1379 Magnaei)
1004 1328 1045 1365 et
1075 1327 1359 1366 Holmiensis.
1390 1327 1509 1365 Hane
1541 1326 1676 1365 edidit
1703 1325 1751 1364 E.

193 1392 398 1443 Keelbing
429 1391 440 1417 1
468 1403 475 1429 :
510 1393 636 1442 eujus
665 1395 972 1443 argumentum
995 1392 1064 1431 hie
1087 1392 1229 1430 refero
1258 1392 1372 1442 quod
1395 1392 1533 1430 amieo
1561 1391 1754 1430 Gustavo

191 1459 336 1497 Storm
359 1457 513 1497 debeo.

247 1539 266 1558 «
298 1522 592 1573 Temporibus
625 1534 746 1573 papa}
776 1522 1013 1561 Clementis
1041 1526 1084 1561 et
1103 1522 1382 1574 imperatoris
1406 1522 1591 1562 Romani
1613 1521 1756 1561 Nero-

191 1588 259 1627 nis
289 1588 502 1638 regnabat
533 1588 576 1625 in
606 1588 789 1626 Francia
815 1600 1013 1639 paganus
1040 1588 1309 1635 Hlodoveus,
1337 1591 1379 1626 et
1408 1587 1450 1626 in
1473 1587 1659 1626 Saxonia
1681 1599 1753 1625 eo-

191 1666 284 1692 mes
307 1653 541 1691 Hermann.
576 1653 655 1691 Hie
678 1665 856 1691 uxorem
880 1653 1119 1704 Brigidam,
1153 1653 1285 1691 filiam
1308 1653 1426 1703 regis
1448 1652 1654 1703 Ungariae
1674 1652 1750 1691 Jo-

192 1718 326 1769 dingi,
346 1718 541 1765 duxerat,
557 1717 786 1756 muliebris
809 1718 1000 1757 seientiae
1021 1718 1218 1769 peritam,
1243 1718 1320 1757 sed
1342 1719 1535 1757 ferocem
1558 1720 1600 1756 et
1621 1717 1752 1755 animi

190 1785 473 1835 impotentem
497 1783 606 1835 (cap.
632 1783 675 1834 Ι).
701 1783 810 1822 Post
838 1796 914 1822 sex
939 1796 1089 1831 annos,
1116 1787 1364 1835 praegnante
1394 1783 1591 1834 Brigida,
1617 1794 1750 1833 quum

192 1861 338 1888 eomes
383 1860 577 1886 ⁷vermem
615 1860 767 1886 morsu
819 1848 1005 1899 digitum
1058 1852 1205 1899 petere
1259 1849 1550 1894 somniasset,
1601 1848 1752 1887 funes-

192 1917 284 1953 tum
314 1914 406 1952 fore
435 1925 564 1952 suum
596 1912 733 1951 filium
762 1916 1004 1964 auguratus
1035 1917 1115 1952 est.
1142 1914 1224 1961 Qui
1253 1914 1297 1952 in
1325 1915 1467 1953 lueem
1491 1913 1650 1961 editus,
1674 1925 1755 1952 no-

191 1992 290 2018 men
319 1978 516 2017 Me‘rmans
545 1978 723 2030 recepit.
750 1978 896 2018 Crevit
927 1982 969 2018 et
995 1979 1142 2018 latinis
1174 1979 1333 2018 litteris
1358 1979 1557 2018 eruditus
1591 1982 1677 2026 est,
1715 1984 1758 2018 et

194 2056 328 2095 quum
362 2056 438 2082 xm
471 2056 607 2082 annos
636 2047 763 2082 natus
789 2046 921 2091 esset,
947 2044 999 2083 ad
1032 2045 1243 2083 Hlodovei
1271 2045 1437 2095 regiam
1469 2044 1636 2084 missus
1671 2048 1753 2084 est.

191 2109 289 2148 Jam
317 2112 407 2147 tum
436 2108 651 2148 Mirmans
680 2110 817 2148 falsos
845 2110 951 2148 deos
982 2110 1223 2160 rejiciebat,
1254 2113 1297 2149 et
1318 2122 1380 2157 se,
1413 2110 1487 2149 ubi
1512 2122 1646 2161 regno
1680 2123 1756 2162 po-

193 2174 369 2221 tiretur,
404 2186 675 2224 paganorum
712 2174 865 2213 altaria
896 2175 1224 2214 destructurum
1259 2176 1489 2215 nuntiabat
1519 2176 1755 2228 (111‚1v).A

194 2239 417 2278 Hlodoveo
449 2241 491 2277 et
517 2252 541 2277 a
576 2239 727 2290 regina
761 2251 855 2289 quae
876 2239 1045 2278 nullum
1066 2238 1203 2278 filium
1224 2240 1413 2279 habebat
1434 2240 1617 2280 comiter
1639 2241 1753 2280 exei-

193 2305 312 2356 pitur
333 2306 376 2343 et
396 2304 585 2355 optimos
608 2303 846 2355 magistros
870 2304 907 2342 ei
928 2304 1001 2343 dat
1026 2305 1291 2344 Hlodoveus.
1311 2306 1403 2345 Rex
1421 2310 1565 2345 autem
1585 2306 1754 2346 Judaeo-

195 2382 291 2408 rum
313 2368 444 2408 fidem
466 2368 682 2415 servabat,
708 2368 848 2407 Deum
871 2369 1054 2417 colebat,
1078 2381 1156 2409 nee
1176 2370 1260 2409 diis
1289 2374 1336 2410 ut
1366 2371 1560 2410 Saxones
1588 2373 1630 2409 et
1651 2371 1753 2410 His-

195 2434 295 2485 pani
327 2433 527 2473 vietimas
563 2433 787 2472 offerebat.
824 2434 1001 2473 Mortua
1034 2435 1198 2485 regina,
1237 2435 1505 2484 Hlodoveus‚
1545 2436 1754 2475 suadente

195 2488 443 2547 Mirm-ante,
462 2498 758 2546 Katharinam,
776 2499 893 2550 regis
909 2500 1154 2550 Anglorum
1171 2500 1392 2539 Ethelredi
1410 2501 1559 2549 filiam,
1576 2513 1755 2540 uxorem

197 2563 328 2602 dueit.
374 2564 473 2603 Haee
512 2566 655 2603 autem
698 2563 864 2603 frustra
893 2564 1172 2604 Mirmantem
1208 2566 1409 2617 pellicere
1448 2569 1585 2606 tentat
1616 2566 1752 2618 (v-vi).

242 2705 267 2736 1.
296 2704 592 2748 Riddarasoegur,
617 2707 841 2749 Strassburg,
879 2706 969 2745 1872,
998 2706 1104 2743 in-8⁰‚
1131 2716 1166 2748 p.
1189 2707 1351 2739 137-2132
1382 2706 1461 2738 vide
1486 2706 1747 2747 praefationem‚

198 2767 232 2799 p.
257 2766 509 2790 xxxix-vaiix.
