1881 3104
691 144 926 186 ‘1³59—

142 330 161 377 §
191 331 229 367 2.
250 341 296 365 DE
318 340 546 365 rtonsxrixo
568 340 611 363 ET
630 340 676 362 ns
698 337 903 362 marsum-Si
919 335 1029 360 Lissno
1049 336 1095 359 nn
1117 334 1347 359 rionAVANTn
1366 334 1408 356 ET
1430 334 1474 357 nr

395 405 515 430 nesus
544 404 711 428 FRANCIAE
744 393 778 440 (I
803 393 901 427 Reali
930 391 970 425 di
1000 391 1193 432 Francia).

86 519 198 567 Quid
213 518 392 558 inItalia
411 519 462 557 de
483 518 696 564 Floventc's,
719 516 974 556 Constantini
988 517 1150 569 nepotis,
1167 516 1315 554 sabula
1331 523 1473 554 actum
1490 515 1583 553 est?

31 584 129 623 Jam
149 583 340 622 vidimus
362 586 525 622 textum
545 583 658 621 hunc
673 581 890 633 gallicum,
911 581 1040 620 hodie
1053 581 1279 627 amissum,
1298 592 1426 630 quem
1440 583 1582 618 trans-

34 648 133 688 tulit
160 648 400 687 islandicus
423 648 625 699 scriptor,
657 647 708 686 ab
739 647 928 686 italianis
956 646 1209 685 auctoribus
1231 658 1317 684 non
1335 645 1582 695 neglectum

32 712 172 751 fuisse
191 725 199 759 ;
222 713 322 751 inde
345 713 459 751 enim
483 716 685 763 excerpta
704 712 923 751 sexdecim
944 711 1085 763 prima
1104 711 1205 749 libri
1227 711 1277 749 de
1298 711 1540 749 Fz'orarante
1561 723 1585 748 a

30 777 108 816 Pio
132 778 271 827 Rajna
292 777 395 816 editi
418 777 630 828 capitula,
667 789 687 815 e
709 777 820 815 libro
844 777 895 815 de
921 776 1163 815 Fz'orcwctnte
1189 778 1410 814 auctorem
1438 775 1583 823 [fessio—

30 855 118 880 run:
146 841 327 879 Francia?
348 842 507 880 bonam
528 844 694 892 partem
717 841 846 892 primi
877 853 1058 879 suorum
1093 839 1454 878 collectaneorum
1485 839 1583 878 libri

33 905 350 957 desumpsisse.
366 906 585 945 Praeterea
604 919 709 945 vero
731 918 908 952 novum,
924 905 1122 956 ignotum
1143 904 1298 952 adhuc,
1319 904 1509 943 codicem
1531 904 1585 942 li-

30 970 97 1009 bri
119 971 171 1009 de
193 971 450 1010 Fioravante
473 971 774 1022 possidemus,
800 970 873 1021 qui
891 970 1142 1009 summatim
1159 969 1330 1008 duabus
1352 970 1419 1008 ve]
1442 969 1583 1007 tribus

32 1035 204 1087 paginis
239 1036 479 1075 Historiam
511 1036 683 1087 nepotis
721 1035 993 1075 Constantini
1025 1035 1178 1081 refert,
1222 1034 1275 1072 ad
1310 1037 1453 1072 cetera
1486 1046 1583 1072 cum

31 1101 242 1152 Rajnensi
267 1102 378 1141 libro
415 1102 466 1140 de
501 1101 758 1141 Fioravante
789 1102 1047 1152 plerumque
1078 1099 1292 1149 congruit.
1330 1098 1442 1146 Quid
1472 1098 1585 1136 inter

30 1166 111 1205 hos
134 1170 276 1206 textus
298 1167 471 1206 intersit
493 1170 534 1205 et
555 1167 772 1217 quomodo
795 1179 819 1204 a
840 1166 955 1204 fonte
974 1165 1128 1216 gallico
1151 1164 1332 1203 derivati
1355 1163 1453 1210 sint,
1470 1175 1585 1202 nunc

31 1231 356 1281 inquirendum.

81 1297 134 1335 Et
163 1297 353 1348 primum
375 1297 426 1336 de
447 1296 658 1347 RaJ'nensi
680 1297 933 1335 Fini-arante.
960 1295 1085 1343 Quod
1107 1295 1160 1334 ad
1180 1306 1339 1333 nomen
1360 1306 1575 1345 personae,

34 1363 157 1403 Fz‘oeo
179 1365 360 1401 vocatur
378 1362 450 1413 qui
469 1363 512 1400 in
534 1362 744 1400 islandico
765 1361 956 1407 Florent,·
978 1362 1097 1401 Floro
1120 1364 1161 1399 et
1178 1359 1343 1400 Florent
1369 1370 1504 1397 unum
1535 1370 1582 1397 ac

32 1427 147 1466 idem
171 1439 268 1466 esse
290 1439 448 1466 nomen
480 1426 605 1465 facile
637 1429 837 1478 apparet3
869 1425 1035 1465 Florent
1069 1425 1182 1463 enim
1211 1424 1254 1462 in
1283 1422 1459 1462 italiano
1486 1434 1582 1461 ser-

30 1503 157 1530 mone
179 1492 363 1530 Fz'ovente
391 1495 537 1538 sonat;
563 1491 639 1529 sed
661 1502 795 1540 quum
812 1492 904 1540 Jam
927 1489 1048 1528 Fiovi
1071 1488 1219 1539 nepoti
1238 1487 1444 1526 italianus
1477 1499 1579 1525 aue-

31 1559 100 1595 tor
118 1556 357 1596 Fe'oravante
379 1568 536 1594 nomen
561 1555 863 1606 imposuisset,
887 1557 934 1593 ut
955 1554 1037 1593 alia
1065 1557 1185 1592 esset
1207 1551 1469 1598 terminatio,
1493 1556 1578 1589 ente

29 1621 73 1659 in
94 1634 114 1659 ο
136 1620 331 1669 mutavit,
371 1621 484 1660 unde
512 1621 648 1660 Fioro.
686 1620 812 1658 Patet
831 1620 966 1671 igitur
988 1619 1162 1657 italiano
1186 1617 1352 1657 auctori
1375 1615 1580 1667 gallicum

27 1688 192 1724 textum
214 1688 365 1724 notum
387 1685 527 1724 fuisse
552 1685 596 1723 in
612 1696 696 1734 quo
720 1696 918 1735 persona}
939 1696 1097 1722 nomen
1118 1681 1296 1728 Floreat,
1321 1684 1369 1720 ut
1387 1681 1430 1718 in
1446 1680 1580 1719 islan-

28 1750 133 1789 dicae
151 1750 369 1789 versionis
395 1749 643 1801 exemplari,
665 1762 749 1787 non
771 1748 959 1789 Floorent
981 1752 1086 1787 erat.
1113 1748 1200 1787 Sed
1220 1747 1333 1785 inter
1352 1746 1518 1787 Floreat
1539 1748 1581 1784 et

28 1815 218 1856 Floorent
266 1816 373 1854 nihil
403 1815 519 1854 aliud
554 1815 737 1853 interest
787 1814 872 1852 nisi
908 1814 1022 1864 quod
1055 1813 1220 1853 Flet-ent
1260 1815 1494 1857 contracta,
1539 1814 1581 1849 et

28 1881 126 1920 ideo
158 1881 363 1927 recentior,
401 1879 600 1919 vocabuli
635 1878 858 1919 Floorentz‘s
897 1879 1037 1917 forma
1068 1881 1149 1917 est.
1187 1877 1293 1916 Jure
1322 1877 1456 1928 igitur
1478 1889 1580 1915 con-

29 1945 289 1984 cludendum
332 1947 399 1983 est
445 1947 609 1983 textum
657 1955 785 1994 quem
831 1943 1069 1981 islandicus
1110 1942 1299 1992 scriptor
1340 1941 1577 1985 transtulit,

30 2022 157 2061 quem
178 2010 381 2048 italianus
402 2009 598 2048 imitatus
616 2011 695 2055 est,
721 2008 951 2052 recentiori
975 2011 1168 2058 tempore
1189 2006 1401 2057 scriptum
1422 2006 1576 2055 fuisse,

27 2075 70 2114 in
95 2087 178 2125 quo
197 2075 293 2113 duae
313 2074 487 2113 vocales
510 2073 553 2111 in
574 2085 702 2112 unam
719 2075 811 2123 Jam
831 2076 1060 2111 eontracta*
1089 2076 1226 2110 erant.

78 2139 203 2186 Quod
229 2139 280 2176 ad
309 2138 515 2184 fabulam,
540 2137 780 2176 islandicus
804 2142 846 2175 et
878 2137 1082 2175 italianus
1106 2139 1264 2182 textus,
1289 2135 1422 2175 rebus
1445 2149 1576 2187 gene—

25 2204 175 2243 raliter
192 2203 397 2254 acceptis,
423 2206 681 2254 congruunt.
705 2202 754 2241 In
776 2206 960 2252 utroque
989 2202 1102 2240 enim
1126 2200 1399 2240 Constantini
1428 2214 1478 2239 ex
1505 2214 1576 2240 so-

27 2282 124 2310 rore
158 2281 310 2321 nepos,
350 2267 493 2307 occiso
528 2268 649 2315 duce,
682 2267 853 2318 aufugit.
882 2266 1190 2306 comitantibus
1223 2265 1395 2304 duobus
1426 2265 1577 2305 amieis

29 2459 255 2491 centissimus
272 2462 325 2491 est
347 2473 353 2490 ;
376 2459 436 2500 qui
458 2460 611 2491 maxime
633 2460 816 2492 intricatos
839 2462 873 2492 et
893 2461 1051 2501 prolixos
1072 2470 1177 2493 casus
1207 2461 1327 2497 refert,
1350 2462 1397 2492 ita
1419 2465 1456 2492 ul
1486 2468 1579 2502 quae-

30 2511 111 2542 dam
139 2512 344 2544 vetustioris
371 2513 546 2553 poematis
576 2513 777 2544 retractatio
810 2514 935 2545 merito
960 2513 1123 2546 dueatur.
1154 2514 1313 2546 Priscam
1341 2519 1459 2546 autem
1486 2514 1579 2546 hanc

29 2564 271 2597 narrationem
299 2569 443 2597 secutus
470 2569 523 2597 est
543 2565 763 2598 Fioravantis
787 2567 955 2599 italianus
988 2569 1111 2599 auctor
1139 2568 1198 2608 qui
1223 2567 1265 2599 de
1286 2568 1467 2599 amoribus
1495 2568 1577 2599 Flo-

30 2617 141 2648 rentis
161 2620 195 2649 et
215 2617 423 2650 Marsibillee
446 2617 535 2649 1111111
555 2618 664 2650 novit.
690 2619 893 2651 ’VerIsimile
914 2623 967 2651 est
988 2620 1096 2661 igitur
1114 2623 1295 2651 auctorem
1315 2621 1426 2651 nostri
1447 2621 1578 2653 codicis

30 2670 147 2702 varios
171 2679 285 2707 casus
312 2671 354 2703 de
372 2679 481 2707 more,
506 2680 524 2702 e
543 2671 781 2704 veterioribus
799 2673 975 2714 poematis
996 2673 1205 2710 detraxisse,
1223 2672 1428 2704 Marsibillae
1451 2682 1577 2714 perso-

30 2732 114 2755 nam
145 2733 163 2756 e
193 2723 370 2757 Floventis
397 2723 566 2765 (island),
596 2723 780 2766 Maugaliae
801 2728 919 2758 autem
940 2735 957 2757 e
978 2724 1181 2758 Floovantz's
1208 2725 1468 2767 (Monspessul.)
1489 2736 1577 2767 poe-

29 2779 141 2814 mate3
168 2779 234 2809 etc.
