1881 3104
743 90 980 129 ,41-

91 202 280 243 auctoris
311 200 573 252 imperitiam
601 200 789 246 denotat,
818 199 925 237 adeo
956 199 1150 237 molestae
1185 200 1227 236 et
1256 209 1452 248 operosa}
1480 197 1636 235 verbo-

91 280 186 307 rum
207 268 310 305 sunt
331 264 648 312 conclusiones,
667 264 774 302 adeo
802 275 916 314 aegre
939 263 1052 301 inter
1072 275 1118 301 se
1138 262 1371 308 cohaerent,
1391 264 1437 299 ut
1456 273 1505 298 ex
1521 261 1639 300 hisce

88 331 294 370 versibus
309 330 508 380 judicare
531 332 611 367 est.

87 476 123 504 26
140 476 297 503 Jostamont
312 475 425 510 vol-gode
441 477 496 502 met
509 476 607 509 groten
622 481 715 509 geere,
864 473 1023 502 Jostamont
1036 472 1203 507 sequebatur
1216 480 1279 500 cum
1293 479 1390 507 magna
1404 473 1513 504 lancea;

140 522 174 550 Bi
188 523 249 550 hcm
264 513 345 549 haddi
360 524 386 549 al
401 522 453 557 siJn
468 522 562 550 heere.
863 521 965 548 Secum
980 520 1096 547 habebat
1110 523 1198 547 totum
1213 527 1293 547 suum
1308 520 1471 548 exercitum.

140 569 194 596 Die
210 569 308 597 coninc
323 570 485 597 Postamont
500 577 580 604 quam
594 575 731 603 gewaren,
863 568 923 595 Rex
938 568 1102 595 Postumont
1115 567 1245 594 advectus
1260 571 1315 601 est,

140 620 224 643 xxxm.
239 615 340 643 manin
355 615 429 643 εἰει-ο
441 622 546 643 scaren.
862 614 989 648 Triginta
1004 614 1090 642 millia
1104 613 1247 641 hominum
1260 613 1288 641 in
1299 621 1350 641 suo
1364 613 1487 641 exercitu
1501 613 1640 648 (liabens).

86 664 122 691 30
141 662 193 690 Die
207 662 340 690 Kerstine
353 668 499 697 genioeien
514 663 557 690 dic
571 662 747 690 Sarrasinen.
867 660 1019 690 Christiani
1033 664 1209 689 occurrerunt
1223 661 1385 689 Sarracenis
1403 671 1409 687 ι

139 711 211 738 Daer
223 709 299 744 ginct
313 714 341 737 te
353 717 452 744 sorgen
467 717 500 738 en
515 714 542 737 te
559 710 650 744 pinen.
864 709 921 737 Res
934 708 1071 744 processit
1085 716 1145 736 cuin
1163 709 1256 736 labore
1272 712 1299 736 et
1315 715 1389 736 cura.

139 757 247 785 Ritzier
260 760 317 784 stac
330 764 398 784 enen
415 758 480 785 dore
493 758 545 785 den
560 757 633 785 huuc
863 756 1005 784 Ritzierus
1017 755 1156 784 transfixit
1169 763 1252 784 unum
1267 763 1314 790 per
1330 759 1461 789 ventrem,

139 805 218 831 Ende
231 811 361 838 werpene
376 805 439 832 doet
454 807 496 832 ten
512 805 606 832 zadeie
620 808 667 832 wt.
860 805 896 831 Et
910 803 1012 838 dejecit
1027 807 1165 831 mortuum
1180 803 1214 831 de
1229 802 1360 838 ephippio
1373 811 1379 836 ;

140 851 311 886 Hemelyoen
327 860 375 879 van
392 852 524 886 Ray-viere
861 851 1014 886 Hemeleyo
1033 851 1066 878 de
1084 850 1196 878 Bavaria

84 899 117 927 35
140 899 218 927 Dede
232 906 280 927 oec
293 907 362 927 enen
377 900 500 927 luinelen
515 899 615 934 sciere,
698 916 702 919 -
863 899 1016 932 Quemelam
1031 906 1140 934 quoque
1155 898 1267 933 dejecit,

135 947 190 974 Dat
205 946 283 974 heine
296 947 386 974 therte
397 947 461 974 brac
864 947 900 974 Et
914 946 954 974 illi
970 954 1017 974 cor
1033 945 1180 980 confregit,

137 994 217 1021 Ende
229 1002 353 1022 nemmer
366 1002 439 1022 meet
452 997 538 1023 woert
552 1001 677 1030 ensprac.
859 993 893 1022 Et
907 1002 960 1022 non
972 995 1031 1029 jam
1044 994 1157 1021 verbum
1168 992 1320 1027 dixit(iile).

139 1040 234 1068 Lucari
251 1041 296 1068 dic
309 1042 397 1075 goede
414 1041 530 1069 hermite
863 1040 997 1068 Lucarius
1012 1041 1103 1068 honus
1118 1040 1232 1068 eremita

138 1087 224 1114 Werd
242 1094 293 1115 occ
309 1095 357 1115 van
372 1095 442 1116 enen
457 1088 544 1124 quite,
559 1091 612 1116 etc.
865 1088 902 1115 Se
917 1095 931 1115 e
946 1087 1065 1122 quodam
1081 1086 1223 1119 liberavit,
1237 1088 1292 1114 etc.

140 1224 465 1275 Expositioncm
507 1225 654 1264 Karoli
694 1226 880 1265 Bartsch
920 1227 989 1265 hic
1029 1226 1284 1278 repetimus,
1328 1228 1369 1263 et
1407 1223 1636 1273 utriusque

88 1289 321 1340 fragmenti
344 1294 648 1341 argumentum
674 1291 946 1342 exponimus.

140 1354 188 1393 In
209 1355 452 1405 fragmento
473 1355 523 1402 A,
546 1355 596 1393 de
621 1355 847 1394 obsidione
871 1355 1037 1394 castelli
1065 1356 1292 1406 eujusdam
1316 1354 1459 1405 agitur
1479 1353 1521 1391 in
1552 1364 1638 1402 quo

88 1419 303 1458 Floovans
328 1420 354 1466 ἱ,
380 1420 594 1471 Margalia
615 1420 929 1470 duodecimque
953 1420 1144 1459 Francia¹
1168 1420 1301 1458 duces
1330 1419 1381 1457 ab
1412 1417 1638 1456 admirallo

87 1483 264 1523 Galieno
293 1488 333 1523 et
353 1484 606 1523 Sarracenis
628 1484 922 1523 includuntur.
946 1484 1114 1532 Quibus
1138 1483 1384 1523 auxiliaturi
1408 1484 1638 1521 accurrunt

88 1549 178 1588 Rex
199 1550 347 1588 Antsaz'
362 1549 497 1595 Flzwe,
524 1550 718 1589 Bavaria]
740 1550 825 1589 dux
845 1549 1085 1601 Hemelyoen
1109 1553 1148 1588 et
1170 1550 1382 1594 Rz‘tzerms,
1404 1549 1517 1587 claro
1541 1558 1636 1585 cor-

86 1626 219 1653 nuum
251 1627 358 1653 sono
391 1627 437 1653 se
474 1615 845 1665 approprinquare
877 1615 1198 1653 annuntiantes.
1232 1615 1325 1661 Quo
1353 1613 1447 1652 viso
1480 1610 1637 1663 pagani

86 1678 130 1716 in
151 1691 340 1729 pugnam
364 1683 506 1725 ruunt,
536 1679 743 1718 Galienus
772 1691 868 1718 cum
898 1692 951 1717 Lx
973 1679 1167 1717 millibus
1192 1678 1393 1722 militum,
1417 1676 1638 1714 Jostcmmns

87 1755 183 1782 cum
222 1756 379 1794 magno
420 1744 626 1789 exercitu,
665 1743 898 1782 Postamons
937 1756 1011 1782 rex
1048 1756 1144 1782 cum
1184 1757 1271 1782 xxx
1304 1742 1515 1781 millibus.
1551 1739 1635 1779 Sed

87 1807 325 1856 christiani,
349 1808 582 1856 Ritzierus,
603 1809 881 1860 Hemelyoen,
905 1809 995 1848 Rex
1024 1808 1177 1847 Antsai
1201 1814 1242 1847 et
1260 1808 1419 1853 chcczrz',
1452 1823 1469 1841 «
1493 1805 1635 1844 bonus

87 1872 308 1910 eremita»
345 1872 431 1920 ille,
474 1874 680 1924 praeclara
712 1873 904 1912 facinora
938 1874 1082 1912 edunt.
1121 1874 1356 1912 Armorum
1390 1876 1534 1910 tamen
1567 1874 1634 1908 tu-

86 1937 252 1977 multus
302 1950 442 1987 usque
489 1938 541 1976 ad
584 1938 863 1976 Floovantem
906 1938 1103 1988 pervenit
1139 1937 1212 1988 qui
1248 1949 1344 1976 cum
1379 1935 1530 1974 amicis
1563 1946 1641 1985 per

86 2005 255 2053 portam
288 2015 312 2041 a
344 2002 558 2053 Margalia
588 2006 781 2053 apertam
813 2003 926 2049 exit,
978 2006 1044 2050 et,
1091 2003 1193 2041 dum
1236 2000 1451 2051 Margalia
1471 2031 1479 2045 ,
1522 2001 1640 2037 metu

87 2067 386 2112 tremebunda,
420 2066 560 2105 Deum
592 2071 639 2106 ut
672 2067 853 2106 amatori
884 2068 1025 2106 faveat
1057 2069 1274 2118 precatur,
1304 2065 1519 2103 Floovans
1542 2063 1638 2102 Rit-

87 2130 267 2178 zierum,
301 2132 599 2170 Hemelionem
626 2136 666 2171 et
696 2132 823 2171 Flure
847 2132 954 2179 adit,
984 2136 1025 2170 et
1046 2131 1342 2182 amplectitur,
1364 2130 1482 2168 nullo
1504 2128 1637 2167 verbo

89 2196 283 2246 adJecto,
323 2212 341 2231 «
374 2208 507 2246 quum
539 2200 639 2235 tunc
669 2197 785 2236 aliud
817 2197 880 2236 eis
911 2200 1030 2235 esset
1060 2196 1306 2236 faciendum
1336 2211 1373 2234 ».
1412 2193 1530 2232 Inter
1560 2205 1639 2243 pa·-

89 2271 227 2312 ganos
264 2260 535 2300 fortissimus
576 2261 829 2300 Jostamons
876 2261 1110 2300 Eremitam
1156 2260 1312 2299 Lucari
1360 2259 1491 2298 simul
1541 2269 1638 2296 cum

90 2337 201 2376 equo
233 2326 412 2364 humum
444 2326 700 2376 prosternit3
726 2326 803 2365 sed
835 2326 1024 2365 eremitae
1050 2326 1288 2378 opitulatur
1316 2323 1534 2363 Ritzierus
1565 2321 1637 2371 qui

89 2391 245 2441 pagani
268 2402 427 2441 corpus
449 2391 490 2430 in
512 2390 620 2429 duas
643 2393 789 2442 partes
811 2390 954 2441 gladio
977 2394 1109 2430 secat.
1134 2391 1225 2429 Hoc
1248 2388 1496 2440 spectaculo
1519 2398 1636 2425 com-

88 2458 233 2493 motus
255 2455 425 2505 aufugit
446 2455 652 2495 Galienus
675 2468 814 2506 usque
833 2446 886 2495 ad
908 2456 1142 2495 Basileam.
1179 2456 1377 2494 Redeunt
1402 2451 1639 2492 Christiani

135 2619 162 2650 1.
192 2619 336 2660 Ubique
362 2619 397 2649 iu
427 2619 511 2651 holl.
537 2622 635 2651 textu
666 2619 869 2652 Floot-antis
898 2630 1028 2652 nomen
1058 2619 1203 2652 Flovens
1227 2617 1415 2653 scribitur3
1444 2614 1638 2648 identidem

91 2670 290 2712 Mauyalicc,
321 2672 355 2703 id
385 2674 438 2704 est
463 2671 648 2713 Μαῑῃαῐία,
674 2674 712 2705 fit
738 2673 933 2714 Marqalz'a,
951 2673 1101 2706 Enzelon
1126 2683 1173 2699 z
1198 2670 1406 2711 Hemeffoen,
1428 2668 1568 2703 Hic-hier
1588 2681 1638 2698 :z

91 2723 235 2761 Ritzier,
259 2724 392 2758 Clooris
411 2737 460 2753 Ξ
484 2723 607 2766 olonis,
629 2725 731 2759 Flore
748 2738 795 2755 z
818 2726 936 2759 Flure.
