1881 3104
830 153 1095 193 —120-

184 265 383 300 hominem
417 266 609 312 quendam
648 266 789 308 occidi;
822 265 948 301 Caesar
980 270 1122 309 autem,
1157 266 1188 301 si
1217 265 1351 302 Romae
1373 268 1504 310 captus
1525 262 1658 305 forem,
1681 272 1743 297 me

182 335 306 365 morte
328 330 596 366 mulctandum
624 342 705 366 esse
721 330 971 377 jurejurando
993 331 1213 366 affirmavit.
1239 330 1351 367 Unde
1372 330 1509 376 hospes
1536 339 1650 364 sensu
1674 327 1745 364 do-

184 394 278 430 loris
299 395 545 431 acerbissimo
570 396 741 437 affectus,
767 406 922 442 equum,
948 396 1013 443 qui
1040 396 1238 432 dicebatur
1256 395 1419 431 Baudan
1441 395 1505 443 (e),
1526 404 1639 440 grave
1661 393 1745 428 auri

184 460 410 506 argentique
432 459 594 506 pondus,
620 459 792 507 gladium
815 465 851 495 et
880 472 1035 496 omnem
1053 466 1287 497 armaturam
1306 459 1483 496 Floventi
1503 458 1602 494 dono
1624 457 1741 500 dedit,

185 525 319 560 dicens
342 536 350 560 ;
374 524 530 560 Videris
563 525 662 560 mihi
684 530 762 560 tam
790 526 913 568 sortis,
934 531 976 561 ut
1006 532 1040 561 te
1069 527 1196 573 ipsum
1215 525 1416 561 defendere
1443 524 1579 571 possis.
1603 522 1745 560 Deinde

181 591 345 627 Flovent
365 602 507 637 equum
525 590 689 633 insiluit,
715 597 751 626 et
773 602 859 627 cum
881 592 1131 638 sti151atoribus
1155 591 1297 638 hospiti
1316 590 1475 626 meritas
1496 588 1637 636 gratias
1657 599 1746 635 per-

184 656 311 692 solvit.
335 655 545 703 itinerique
566 654 687 703 Alpes
707 660 747 702 (f)
766 669 898 692 versus
917 668 955 692 se
976 657 1185 692 commisit.

878 1064 965 1100 CAr.
998 1064 1051 1100 Π.

184 1193 232 1227 De
267 1194 438 1238 conflictu
469 1194 620 1230 Caesaris
651 1199 683 1230 el
707 1196 900 1239 moventis,
930 1198 991 1231 cui
1015 1197 1160 1231 Flovent
1190 1205 1310 1230 ensem
1355 1197 1386 1229 et
1419 1203 1553 1237 equum
1585 1191 1746 1226 abstulit.

235 1321 450 1368 Imperator
477 1327 515 1358 et
548 1322 606 1358 ira
638 1327 672 1358 et
708 1335 871 1360 moerore
905 1325 1075 1367 affectus,
1113 1324 1160 1359 ob
1193 1323 1347 1370 insigne
1380 1322 1529 1358 facinus
1562 1321 1684 1368 ipsius
1710 1320 1752 1356 in

182 1386 270 1421 aula
298 1392 333 1421 et
364 1392 585 1433 conspeetu,
611 1388 868 1423 sanctissimis
894 1389 999 1424 feriis
1033 1389 1184 1423 Summi
1218 1387 1403 1424 Numinis
1432 1391 1639 1434 patratum,
1664 1396 1749 1421 om-

182 1450 297 1486 nibus
328 1451 456 1497 palam
492 1457 624 1488 votum
645 1453 825 1500 concipit.
849 1459 885 1489 et
912 1465 951 1489 se
983 1454 1158 1497 devovet,
1183 1464 1308 1500 neque
1329 1463 1592 1489 comessurum
1621 1462 1747 1498 neque

179 1515 423 1551 bibiturum:
449 1528 570 1564 usque
604 1517 709 1561 dum,
757 1518 823 1561 ait,
854 1518 1057 1555 factiosum
1091 1519 1194 1555 hunc
1226 1519 1441 1561 hominem,
1465 1517 1633 1554 vinculis
1652 1527 1757 1553 con-⁷

182 1580 360 1615 strictum
380 1581 479 1616 mihi
504 1581 753 1618 tradideritis.
776 1583 839 1618 Illi
858 1594 948 1619 Yero
976 1595 1063 1618 eum
1088 1595 1134 1619 ex
1155 1583 1248 1619 urbe
1269 1583 1414 1619 dudum
1435 1583 1573 1619 exiisse
1600 1592 1747 1618 assere-

179 1645 285 1680 bant.

233 1711 317 1748 Hoc
340 1712 471 1747 audito
498 1712 713 1759 Imperator
748 1724 889 1760 equum
920 1714 1203 1761 Magrimonem
1240 1713 1289 1758 (a)
1325 1715 1479 1757 instrui,
1517 1723 1748 1759 omnemque

181 1781 417 1812 armaturam
439 1777 514 1812 sihi
543 1778 671 1813 afferri
693 1779 802 1825 jubet
823 1791 830 1814 :
853 1779 935 1815 Vos
956 1779 1087 1823 etiam,
1113 1782 1162 1826 (p.
1194 1777 1248 1827 10]
1273 1780 1414 1827 inquit,
1437 1791 1543 1815 arma
1563 1779 1687 1826 capite
1710 1784 1747 1815 et

179 1853 241 1877 me
286 1842 573 1889 consequimini
603 1842 668 1890 (b).
705 1843 833 1879 Strato
869 1844 1008 1880 deinde
1045 1845 1300 1881 velocissimae
1345 1845 1586 1892 pernicitatis
1629 1856 1741 1893 equo,

182 1917 296 1953 quem
318 1907 424 1943 nivei
457 1907 608 1951 coloris,
640 1908 769 1943 insula
791 1913 832 1951 (c)
857 1909 1032 1955 quaedam
1062 1909 1227 1952 ferebat;
1260 1909 1475 1956 Imperator
1504 1909 1647 1957 gladio,
1679 1910 1746 1957 qui

182 1972 352 2018 optimus
383 1973 518 2010 Romae
558 1974 773 2010 habebatur
814 1975 1043 2018 succinctus,
1081 1975 1182 2011 latus
1228 1975 1362 2023 clypeo
1398 1976 1532 2023 magni
1568 1976 1747 2023 ponderis

180 2037 377 2081 muniri&
402 2038 632 2086 hastamque
663 2040 802 2083 tenuit,
837 2040 1097 2086 pulcherrimo
1131 2041 1286 2076 affixam
1319 2041 1474 2076 vexillo.
1511 2041 1584 2076 His
1629 2041 1746 2077 armis

181 2104 395 2140 instructus
420 2116 563 2152 equum
599 2105 784 2147 ascendit,
814 2116 1033 2152 magnaque
1067 2106 1242 2153 equitum
1272 2106 1385 2141 turba
1419 2106 1582 2152 stipatus
1612 2106 1747 2142 urbem

181 2170 352 2217 reliquit,
383 2170 612 2206 Floventom
641 2171 718 2213 via,
744 2171 917 2218 qua·iter
946 2178 1179 2218 properaret,
1211 2172 1318 2207 omni
1346 2172 1594 2208 festinatione
1616 2182 1747 2218 perse-

180 2242 312 2271 cutus.
333 2235 467 2282 Equus
495 2248 569 2283 quo
597 2237 811 2284 Imperator
839 2237 1063 2279 vehebatur,
1099 2237 1301 2273 ‘velocitate
1333 2249 1410 2284 prae
1444 2238 1531 2273 aliis
1562 2236 1744 2283 pollebat.

181 2298 362 2336 Artieulo
395 2300 515 2347 igitur
545 2302 730 2348 temporis
765 2313 787 2337 a
819 2302 899 2337 suis
931 2302 1045 2349 longe
1076 2302 1126 2349 (cl)
1163 2308 1377 2349 provectus,
1412 2303 1640 2338 Floventem
1674 2311 1750 2348 qua

182 2365 245 2400 via
265 2365 375 2401 duxit
408 2366 661 2413 equitantem,
687 2367 944 2413 conspicatus,
971 2367 1152 2403 clamavit
1177 2380 1183 2401 :
1207 2367 1297 2404 Non
1317 2368 1484 2415 prodest,
1511 2367 1748 2415 profligatis-

228 2516 269 2553 (e)
295 2514 327 2545 A
346 2526 352 2545 ι
373 2514 523 2547 Boduan
544 2518 578 2547 et
603 2515 784 2548 interdum
808 2516 989 2549 Boduant.
1013 2517 1041 2549 B
1067 2517 1092 2549 C
1111 2521 1145 2550 et
1165 2518 1190 2549 F
1215 2530 1221 2549 :
1244 2518 1406 2551 Boudan.

226 2566 267 2608 (s)
288 2569 320 2599 A
338 2572 373 2601 et
391 2569 417 2600 F
433 2583 439 2600 :
462 2569 602 2601 Galiam
622 2578 761 2601 versus.

225 2644 274 2683 (a)
296 2644 329 2675 A
348 2656 353 2675 :
377 2644 595 2686 Megremon.
622 2645 647 2676 F
668 2659 674 2677 :
693 2645 913 2688 Magremon.

228 2695 277 2736 (b)
302 2698 333 2728 A
355 2697 384 2728 D
408 2698 457 2729 F:
484 2708 583 2730 arma
604 2699 797 2741 plusquam
821 2708 849 2731 c,
873 2700 1013 2740 equites
1030 2705 1215 2742 ceperunt.

228 2756 270 2791 (c)
295 2753 324 2782 A
345 2751 374 2783 D
398 2765 404 2782 ι
430 2760 508 2793 quae
528 2752 639 2791 Tibri,
662 2753 723 2795 qui
742 2752 892 2785 Romam
910 2753 1104 2790 intercidit,
1127 2757 1291 2787 austrum
1311 2764 1437 2788 versus
1461 2754 1599 2797 objecta
1619 2758 1683 2788 est.

226 2803 274 2840 (d)
297 2804 321 2835 F
341 2817 346 2835 :
370 2805 555 2837 dimidium
578 2805 741 2844 milliare,
