1881 3104
837 124 1103 165 —126.—

186 243 232 278 de
252 251 379 278 eremo
397 240 574 276 deorsum
595 237 783 285 equitavit
804 240 866 280 (a).
891 236 987 272 Cum
1013 235 1087 272 duo
1108 235 1258 272 circiter
1278 235 1464 271 milliaria
1483 236 1731 282 processisset
1741 267 1755 279 ‚.

186 306 290 343 Otun
309 310 473 353 quatuor
495 305 540 347 (b)
569 302 719 350 equites
740 301 934 343 loricatos,
959 304 1066 347 petra
1086 299 1252 347 quadam
1282 299 1506 336 insistentes
1534 301 1745 348 conspexit,

187 377 287 425 quod
309 382 346 412 et
363 375 541 412 Floventi
560 373 766 415 iudicarim
791 373 963 419 dixitque
987 385 994 407 :
1018 372 1069 407 Hi
1091 372 1137 407 ad
1157 383 1228 408 nos
1243 372 1419 415 tendunt,
1444 373 1748 420 accelerantque,

185 444 383 479 incursum
405 441 517 477 nobis
537 444 716 487 parantes
740 450 747 475 :
773 438 865 485 qnid
886 449 975 484 ergo
1007 438 1189 474 consilii?
1213 438 1259 486 (p.
1288 436 1345 473 19²·
1370 437 1536 472 Flovent
1569 437 1615 472 ad
1636 448 1748 484 opem

183 508 255 543 Dei
266 506 438 552 confugit
457 517 463 541 :
485 505 604 547 Deus,
624 505 821 551 inquiens,
846 503 1012 540 coelestis
1034 503 1148 539 Pater
1167 514 1232 538 eos
1253 502 1442 545 debilitet,
1467 507 1641 538 nostram
1661 513 1759 539 vero

184 573 367 607 virtutem
401 571 632 607 corroboret.
661 570 839 606 Loricam
873 569 1007 615 igitur,
1032 578 1149 614 quam
1180 567 1353 602 Ercmita
1385 565 1552 609 dederat,
1578 571 1615 602 et
1644 578 1751 603 arma

184 636 358 678 indutus,
383 635 518 683 clypeo
552 634 671 681 capiti
694 632 891 679 imposito,
915 631 1094 667 Jovisum
1115 630 1226 666 lateri
1245 631 1405 677 aptavit,
1429 635 1467 666 et
1487 631 1542 666 ita
1561 636 1748 674 armatus,

184 700 467 748 Magrimonem
488 699 655 735 insiluit.

236 767 381 803 Eodem
401 770 599 802 momento
620 763 779 799 Ethnici
800 775 821 799 a
844 768 952 810 petra
970 761 1248 809 provolarunt,v
1264 762 1305 797 in
1331 773 1425 809 quos
1445 761 1609 798 Flovent
1629 761 1746 797 vehe-

182 837 332 868 menter
364 831 529 873 irruens,
555 829 596 864 in
617 828 787 875 primum
820 839 953 863 eorum
979 826 1160 862 infestam
1186 826 1337 862 hastam
1362 826 1417 862 ita
1446 826 1590 870 emisit,
1611 832 1654 863 ut
1685 839 1761 874 per

184 898 362 944 clypeum
384 902 421 932 et
439 896 642 932 loricatum
661 899 794 941 pectus
814 893 1019 935 transiens,
1045 902 1066 927 a
1087 897 1193 939 tergo
1215 891 1402 927 emineret
1427 904 1434 926 :
1458 903 1548 927 mox
1569 897 1606 928 et
1628 892 1751 928 alium

183 963 392 998 Ethnicum
417 961 549 996 stricto
577 959 704 1006 gladio
725 959 849 1005 petiit,
875 959 983 1005 cujus
1009 958 1189 1004 clypeum
1210 963 1246 993 et
1268 957 1314 992 al)
1335 957 1496 992 humero
1515 968 1651 1004 corpus
1672 969 1748 994 uno

182 1029 341 1064 vulnere
364 1026 517 1068 diffidit,
542 1025 596 1060 ita
615 1029 657 1060 ut
679 1024 721 1059 in
741 1023 924 1070 ephippio
946 1022 1045 1058 ictus
1067 1022 1296 1069 exspiravit;
1333 1022 1387 1057 ita
1407 1022 1520 1057 ambo
1549 1022 1589 1057 in
1610 1027 1751 1058 terram

182 1093 342 1141 delapsi,
387 1090 610 1128 occubuere.
654 1089 754 1124 Tum
789 1088 952 1124 Flovent
987 1100 995 1122 ε
1027 1087 1210 1129 Procede,
1233 1086 1351 1129 Otun,
1382 1091 1420 1121 et
1450 1091 1569 1130 tenta,
1606 1099 1749 1135 quaeso‚

180 1165 312 1194 utrum
333 1157 427 1193 artis
450 1156 659 1203 quicquam
692 1153 841 1189 bellicae
869 1153 1038 1189 calleas?
1056 1151 1145 1196 Odi,
1170 1152 1312 1199 inquit,
1335 1151 1583 1188 meticulosos
1600 1163 1752 1189 mecum

181 1224 331 1259 trahere
351 1221 542 1258 homines.
564 1220 674 1255 Tunc
698 1218 864 1261 omnus,
889 1217 1054 1253 subditis
1074 1217 1251 1260 Budano,
1278 1228 1352 1264 quo
1374 1217 1598 1260 vehebatur,
1623 1217 1748 1253 calca-

182 1290 301 1331 rihus,
332 1287 490 1323 tertium
524 1284 737 1321 Ethnicum
770 1283 974 1330 evaginato
1008 1283 1136 1329 gladio
1158 1281 1239 1333 (qui
1260 1282 1354 1318 olim
1376 1282 1624 1328 Imperatoris
1644 1280 1748 1330 fuit),

180 1366 247 1402 por
260 1353 433 1389 medium
450 1350 494 1396 (c)
514 1349 794 1386 fremebundus
809 1348 1039 1395 amputavit.
1059 1347 1142 1391 Quo
1164 1348 1276 1391 facto,
1295 1347 1460 1384 Flovent
1477 1360 1487 1382 .·
1505 1347 1674 1391 Videris,
1693 1347 1751 1383 in-

182 1419 279 1466 quit,
305 1417 403 1452 mihi
426 1415 535 1452 fortis
558 1419 594 1450 et
616 1414 817 1449 animosus
837 1425 845 1448 :
870 1424 960 1459 ergo
984 1424 1095 1447 meus
1128 1412 1271 1447 abhinc
1296 1422 1375 1447 non
1401 1410 1583 1453 famulus,
1609 1411 1674 1447 sed
1691 1422 1755 1447 so-

183 1485 264 1519 cius
286 1483 374 1523 eris,
397 1482 451 1517 ita
471 1486 527 1523 ut,
551 1479 734 1527 quicquid
765 1489 858 1527 sors-
880 1477 1065 1520 a‘ttulerit,
1092 1477 1236 1524 pariter
1267 1476 1379 1513 nobis
1411 1476 1461 1511 sit
1495 1476 1754 1512 subeundum.

183 1548 257 1585 Sed
277 1547 370 1595 quid
391 1546 490 1593 agis,
521 1544 643 1581 amice
663 1543 859 1579 Jofreire?
887 1540 1077 1579 Jofreirus
1099 1542 1153 1578 ait
1176 1554 1183 1577 ε
1207 1542 1351 1577 Parum
1373 1553 1442 1588 ego
1457 1541 1619 1577 inermis
1630 1540 1754 1577 facere

180 1625 350 1660 possum.
392 1612 637 1647 Postremum
675 1609 795 1656 igitur
833 1608 997 1644 Floveiit
1044 1608 1255 1643 Ethnicum
1296 1606 1483 1642 invadens
1499 1635 1508 1649 ,
1561 1610 1753 1641 armatum

185 1688 231 1724 tp.
257 1675 323 1725 ιΖΟ)
349 1688 435 1713 cum
466 1686 563 1722 equo
595 1674 711 1710 unico
743 1674 844 1717 ictu,
869 1684 990 1720 eoque
1013 1673 1104 1708 sane
1133 1670 1344 1716 horrendo,
1380 1670 1613 1706 mirabiliter
1647 1669 1755 1705 diffi-

185 1745 253 1779 dit.
278 1742 346 1785 (d.)
373 1743 473 1777 Tum
512 1740 579 1776 ille
609 1748 619 1778 t
665 1739 791 1782 Deus,
832 1738 981 1785 inquit,
1006 1737 1093 1781 tihi,
1118 1748 1139 1773 o
1165 1735 1356 1772 Eremita!
1380 1735 1587 1782 rependat;
1613 1734 1754 1782 quippe

182 1808 356 1845 validum
389 1807 488 1843 mihi
519 1806 692 1854 gladium
723 1805 877 1849 dedisti,
903 1815 978 1852 quo
1013 1804 1045 1840 si
1078 1803 1138 1838 vir
1170 1802 1281 1838 fortis
1305 1807 1342 1837 et
1373 1801 1580 1837 bellicosus
1606 1804 1752 1843 utatur,

185 1874 337 1922 egregia
357 1872 523 1919 patrabit
559 1872 743 1914 facinora,
767 1883 850 1918 quae
880 1869 1077 1905 serissima
1101 1867 1311 1904 mirabitur
1328 1866 1549 1914 posteritas;
1579 1877 1650 1901 nec
1679 1876 1755 1900 un-

185 1952 299 1987 quam
332 1938 490 1974 Domini
520 1935 579 1974 sui
606 1937 695 1972 talis
716 1935 957 1971 defraudahit
982 1933 1133 1982 gladius
1168 1931 1228 1982 (e).
1254 1932 1464 1978 Deportata
1482 1932 1560 1978 jam
1593 1930 1757 1966 victoria

184 2005 394 2040 Jofrcirum
414 2006 454 2049 (f)
473 2002 643 2049 equitem
665 2006 780 2042 creat,
806 2006 842 2036 et
864 1999 1103 2047 fulgentibus
1126 1997 1244 2034 armis
1264 1996 1435 2032 instruit.

239 2068 389 2105 Deinde
419 2079 506 2104 cum
545 2078 667 2102 unum
694 2065 865 2101 milliare
893 2063 1204 2111 processisssent‚
1238 2061 1336 2096 vidit
1367 2060 1520 2096 Otunus
1553 2059 1754 2096 castellum

185 2134 378 2182 quoddam
399 2133 510 2169 valde
530 2133 700 2174 firmum,
724 2131 766 2166 in
795 2130 969 2167 coni-alle
1001 2129 1120 2165 situm
1143 2132 1203 2173 (9),
1227 2127 1292 2163 cui
1324 2131 1484 2174 praeerat
1505 2136 1646 2172 magna
1667 2135 1754 2160 cum

184 2200 389 2235 hominum
410 2198 522 2234 turba
542 2197 708 2245 insignis
730 2196 885 2244 quidam
908 2196 1018 2238 latro,
1042 2194 1200 2230 nominc
1221 2193 1426 2230 Fabrinus,
1450 2191 1516 2238 qui
1543 2196 1754 2226 transeun-

230 2353 276 2391 (α)
298 2351 347 2382 D:
366 2349 498 2381 multos
509 2349 585 2382 dies
604 2348 782 2380 laboriose
804 2355 988 2389 peregere.
1008 2345 1169 2384 Quodam
1191 2353 1274 2376 vero
1296 2343 1352 2376 die
1374 2343 1508 2384 aliquot
1531 2342 1601 2373 illis
1623 2340 1755 2372 Ethni-

187 2406 217 2436 «ξι
240 2405 444 2439 occurrunt,
468 2404 539 2435 etc.

229 2457 274 2497 (b)
296 2457 322 2488 F
345 2468 350 2487 ;
373 2456 547 2498 quinque.

228 2513 267 2550 (c)
292 2511 324 2542 A
347 2522 352 2540 :
376 2510 460 2541 licet
482 2509 687 2541 loricatum.

230 2565 275 2601 (d)
301 2563 327 2594 F
343 2561 446 2603 addit
463 2572 472 2594 .·
491 2563 541 2594 ita
561 2565 601 2594 ut
621 2561 763 2603 gladius
787 2559 914 2602 capulo
936 2561 1041 2592 tenus
1064 2559 1101 2590 in
1122 2560 1255 2590 terram
1275 2555 1512 2589 descenderit.

230 2619 270 2653 (e)
290 2615 526 2659 Exemplaria
551 2616 595 2652 A,
616 2614 643 2646 F
669 2613 826 2647 habent.-
855 2612 949 2654 quod
972 2621 1067 2643 unus
1090 2610 1134 2649 (F
1156 2622 1162 2641 :
1186 2610 1344 2651 quintus)
1365 2608 1616 2641 insidiatorum
1638 2606 1675 2637 in
1694 2605 1749 2636 vi-

185 2670 302 2702 cinam
319 2670 456 2710 sylvam
476 2668 668 2710 aufugerit,
690 2667 750 2709 qui
771 2675 832 2699 eos
848 2665 1077 2708 postmodum
1097 2664 1133 2696 in
1155 2662 1301 2696 castello
1320 2661 1468 2694 Fahrini
1487 2659 1705 2703 prodiderat.

231 2723 269 2764 qs!
293 2722 465 2760 Otunum,
488 2723 628 2763 rectius,
651 2722 808 2764 utputo.

231 2778 275 2817 (q)
301 2776 326 2807 D
341 2777 465 2817 :juxta
482 2776 629 2818 sylvam.

1872 772 1881 856 2——
1871 622 1881 763 -t-aex-—<.

1879 1013 1881 1022 i
1878 957 1881 975 ..
1863 873 1881 933 „-.‘..
