1881 3104
877 107 1140 149 —MO—-

228 230 313 268 bus
336 225 608 275 Merovingi's
635 228 677 265 et
698 226 749 264 dc
773 224 1007 275 Carolinga
1027 223 1192 262 familia
1213 222 1482 274 Merovingae
1505 222 1783 262 succedente.

232 294 441 333 Poemata
475 291 649 330 demum
681 290 732 329 de
762 289 1015 336 Mirmante,
1052 288 1103 327 de
1132 287 1334 326 Florente
1377 289 1419 326 et
1449 286 1685 326 Octaviano
1705 317 1713 332 ‚
1739 285 1791 325 de

233 357 430 409 Ciperico
469 359 511 395 et
547 357 598 395 dc
629 355 784 395 Carolo
813 354 959 404 Calvo,
983 354 1140 393 saeculo
1172 358 1267 391 xm⁰
1291 356 1332 391 et
1359 358 1447 391 X1v⁰
1469 351 1645 403 scripta,
1670 350 1788 390 affir-

232 435 349 463 mare
381 433 461 460 nos
491 421 651 472 jubent
680 420 722 458 in
757 420 917 459 saeculo
945 424 1023 458 xl1⁰
1057 418 1281 457 exstitisse
1309 419 1509 468 poemata
1539 427 1632 466 quae
1666 418 1791 467 gesta

229 501 385 539 regum
423 486 787 536 Merovingorum
823 484 1108 524 celebrarent.
1147 483 1250 521 Inde
1296 482 1454 521 saeculo
1500 489 1582 520 x11⁰
1622 481 1790 532 cyclum

229 553 538 603 Merovingum
562 550 766 590 floruisse
789 551 983 601 apparet.

284 618 369 657 Sed
403 627 599 667 quaenam
627 616 761 667 hUJ'us
790 615 896 666 cycli
928 614 1051 664 origo
1070 614 1087 650 ἱ)
1120 612 1248 659 Num,
1287 611 1512 651 exhaustis
1545 610 1789 662 Carolingis

232 681 518 735 argumentis,
543 681 596 719 ad
623 692 752 732 reges
775 678 1060 728 Merovingos
1091 689 1190 716 sese
1216 678 1520 715 converterent
1545 673 1792 715 trovatores?

232 747 415 789 Minime
445 746 636 797 quidem.
668 745 778 784 Nam
804 744 877 784 isti
908 746 1052 782 textus
1082 755 1168 781 non
1198 742 1424 780 historicam
1453 741 1665 792 originem
1697 753 1794 793 pro-

233 815 352 861 dunt,
383 824 469 852 non
504 824 554 850 ex
581 810 707 849 libris
737 809 1009 849 chronicisve
1040 808 1286 847 trahuntur.
1316 807 1494 846 Nullum
1522 807 1565 845 in
1589 802 1794 845 Chronic'is

234 878 379 917 Sancti
394 877 582 929 Dionysii
603 879 856 915 nostrarum
886 874 1133 913 fabularum
1165 873 1402 924 vestigium
1430 871 1645 919 offendes;
1679 872 1793 923 quod

232 945 284 983 ad
306 944 508 982 fabellam
531 943 583 981 de
607 942 861 993 Dagoberto
884 940 1096 991 magistro
1117 939 1298 978 barbam
1320 938 1540 985 tondente,
1563 937 1679 977 credi
1702 937 1795 988 qui-

233 1010 331 1048 dem
368 1009 512 1059 possit
546 1008 806 1059 scriptorem
843 1019 937 1045 eam
969 1018 988 1044 e
1026 1004 1149 1044 Gestis
1184 1004 1407 1055 Daqobertz'
1434 1005 1504 1044 vel
1535 1017 1556 1043 6
1591 1003 1796 1043 Chrom'cz's

237 1073 381 1112 Sancti
412 1073 600 1124 Dionysii
629 1074 736 1123 (quae
773 1069 977 1110 Gestorum
1017 1070 1225 1109 historias
1257 1067 1463 1119 referunt)
1497 1069 1744 1121 sumpsisse
1782 1080 1791 1107 :

236 1139 394 1178 etenim
416 1139 460 1177 in
487 1137 699 1189 prooemio
723 1137 876 1176 scribit
897 1149 905 1175 :

498 1273 546 1309 Et
566 1273 631 1321 qui
654 1273 713 1309 ice
732 1271 889 1308 voudrai
907 1282 928 1306 a
946 1281 1160 1316 manconge
1182 1271 1282 1305 tenir

499 1338 547 1374 Se
567 1338 667 1375 voist
686 1338 755 1374 lire
776 1337 936 1373 l'istoire
957 1347 1004 1372 en
1024 1336 1185 1382 France,
1206 1336 1227 1370 ὲ
1245 1335 1368 1371 Paris.

288 1469 373 1508 Sed
397 1469 539 1507 solent
561 1478 713 1506 omnes
735 1470 952 1503 {voratores
974 1463 1138 1514 fingere
1162 1466 1363 1514 poemata
1384 1474 1404 1500 e
1426 1461 1573 1500 latinis
1601 1461 1797 1501 fontibus
1828 1477 1832 1480 ·

236 1535 422 1573 deducta
441 1545 539 1572 esse
563 1545 648 1584 quo
672 1533 884 1582 maiorem
907 1529 1038 1568 fidem
1071 1528 1350 1567 audientibus
1382 1527 1556 1566 faciant.
1595 1527 1798 1566 Ceterum

232 1601 373 1649 maior
414 1601 481 1637 est
523 1598 637 1637 inter
668 1596 903 1636 Gestorum
942 1597 984 1633 et
1013 1593 1264 1633 Floovantis
1302 1592 1596 1631 narrationem
1633 1591 1797 1631 discre—

235 1664 382 1716 pantia
403 1676 532 1714 quam
556 1666 604 1701 ut
626 1664 820 1701 trovator
838 1663 964 1711 gesta
984 1659 1180 1698 imitatus
1204 1670 1302 1697 esse
1324 1658 1540 1697 credatur.

288 1731 443 1769 Restat
471 1728 606 1779 igitur
629 1729 676 1766 ut
703 1739 723 1765 e
746 1724 1035 1777 popularibus
1067 1723 1228 1762 sabulis
1258 1723 1492 1773 desumpta
1512 1721 1687 1760 fuerint.
1713 1721 1797 1760 Sed

235 1794 452 1846 quomodo
475 1792 744 1843 Merovingae
762 1790 933 1835 fabulae,
958 1788 1132 1828 saeculis
1153 1793 1214 1827 V1⁰
1228 1790 1270 1826 et
1288 1792 1367 1826 vn⁰
1379 1790 1501 1834 natae,
1524 1799 1602 1838 per
1620 1799 1798 1825 sexcen-

237 1864 303 1899 tos
324 1871 475 1903 annos,
501 1870 579 1908 per
599 1870 675 1896 ora
695 1855 845 1907 populi
865 1854 1014 1905 vigere
1037 1856 1289 1904 potuerunt,
1313 1852 1398 1891 nisi
1433 1852 1530 1890 illas
1561 1851 1801 1891 servaverit.

235 1927 376 1964 t'orma
397 1922 593 1973 quoedam
617 1924 735 1959 certa
756 1923 798 1958 et
827 1931 876 1957 ea
905 1930 1000 1968 quae
1029 1930 1115 1956 non
1147 1919 1404 1964 mutaretur,
1437 1916 1528 1955 sive
1550 1929 1682 1967 prosa
1703 1929 1799 1955 ora-

239 1990 351 2029 tione
373 1990 571 2026 narratas
596 1986 747 2036 quales
771 1984 899 2023 hodie
923 1983 1064 2022 adhuc
1086 1985 1246 2021 nostrae
1268 1982 1504 2033 populares
1536 1984 1578 2020 et.
1608 1981 1800 2032 pueriles

236 2054 404 2093 fabellae
422 2054 569 2100 (comtes
591 2050 637 2088 (le
657 2050 750 2101 fe'es,
774 2053 902 2087 comtes
916 2046 1165 2100 populaires)
1183 2059 1260 2097 per
1276 2047 1435 2085 saecula
1446 2046 1692 2094 traduntur,
1709 2046 1801 2085 sive

234 2118 455 2164 versibus,
483 2116 565 2155 sul]
589 2115 905 2155 cantilenarum
928 2112 1091 2164 specie,
1115 2111 1370 2150 credideris.

290 2183 376 2223 Sed
398 2182 590 2222 vidimus
616 2182 709 2231 ¹iam
738 2179 975 2219 cantilenas
1001 2177 1081 2216 sub
1116 2176 1336 2216 Clothario
1359 2175 1699 2226 Dagobertoque
1720 2176 1802 2215 flo—

236 2249 382 2288 ruisse
413 2258 506 2298 quae
534 2246 706 2297 epicum
739 2244 782 2283 in
812 2243 990 2282 modum
1022 2242 1259 2280 illustrium
1291 2241 1469 2279 illorum
1500 2252 1655 2291 regum
1688 2240 1800 2279 facta

237 2314 520 2354 celebrarent.
552 2311 649 2350 Non
679 2309 911 2349 temeraria
940 2308 1076 2360 igitur
1109 2309 1361 2357 conjectura
1388 2305 1604 2344 affirmare
1636 2317 1798 2356 possu-

236 2391 334 2418 mus
356 2376 638 2426 Merovingas
661 2375 834 2413 fabulas
857 2373 1170 2412 cantilenarum
1193 2372 1379 2410 formam
1404 2370 1618 2417 induisse,
1643 2372 1685 2408 et
1705 2369 1799 2408 Me-

238 2445 468 2493 rovingum
490 2442 658 2492 cyclum
682 2439 905 2479 exstitisse
929 2439 1003 2490 qui
1022 2452 1100 2490 per
1119 2440 1349 2478 sexcentos
1371 2448 1508 2475 annos
1529 2433 1735 2487 viguerit.

292 2507 542 2547 Potentium
564 2505 928 2556 Merovingorum
956 2516 1110 2554 regum
1131 2502 1342 2542 memoria
1364 2514 1441 2553 per
1461 2501 1675 2553 populum
1699 2511 1796 2538 scr-

238 2577 336 2611 vata
358 2575 462 2611 erat.
487 2571 591 2610 Inde
611 2570 802 2621 vestigia
823 2569 896 2607 illa
920 2580 1014 2619 quae
1034 2569 1078 2606 in
1100 2567 1316 2619 poematis
1339 2567 1496 2606 saeculo
1519 2574 1613 2604 nvo
1635 2568 1797 2603 retrac-

240 2637 339 2674 tatis
367 2636 647 2676 offendimus.
675 2636 707 2674 E
742 2634 924 2683 regibus
954 2633 1053 2672 istis
1087 2632 1330 2684 praesertim
1362 2631 1611 2671 Cloovisius
1646 2632 1797 2680 utpote

240 2701 496 2741 Christianae
530 2702 631 2741 fidei
665 2701 709 2740 in
743 2700 882 2740 Gallia
910 2698 1121 2737 institutae
1148 2699 1294 2737 fautor
1327 2701 1369 2736 et
1397 2699 1559 2743 auctor,
1588 2698 1629 2733 et
1655 2695 1797 2744 maJor

240 2766 444 2805 Ecclesiae
494 2770 623 2806 natus
681 2765 800 2818 (huic
847 2764 1105 2803 attributum
1153 2763 1344 2802 vidimus
1395 2761 1589 2801 divinum
1642 2770 1791 2798 ensem
