1881 3104
769 137 1001 178 -53-

113 254 262 305 nequit
296 255 343 292 ut
381 265 427 291 se
461 264 560 291 esse
593 251 896 290 Fioravantem
926 251 1127 288 fateatur.
1159 248 1320 286 Tamen
1356 247 1504 297 ignoto
1527 245 1662 296 equiti

111 332 202 360 suae
234 317 371 357 vestis
391 328 580 368 pannum
611 319 659 354 ut
687 314 858 365 insigne
889 314 1002 352 inter
1033 311 1329 364 pugnandum,
1351 311 1481 349 istius
1512 311 1661 348 Fiora-

108 383 251 423 vantis
283 393 428 421 amore
456 383 582 431 quus
614 379 832 418 referebat
868 378 1091 417 incessum
1113 408 1121 423 ,
1156 376 1297 415 offert.
1330 375 1520 421 Interea,
1559 387 1659 413 cau-

109 447 236 500 ponis
264 447 351 485 filia
382 450 573 484 amatum
602 457 625 483 a
655 443 914 494 Drugiolina
948 454 1046 482 esse
1082 442 1386 480 Fioravantem
1422 443 1539 486 rata,
1572 451 1659 489 pra}

113 513 261 552 dolore
295 511 425 563 perit.
467 511 627 560 Postea
657 512 877 548 certamen
911 520 1009 546 cum
1046 507 1188 545 tribus
1225 505 1406 556 regibus
1443 504 1516 555 qui
1557 503 1659 542 olim

110 576 412 627 Drugiolinam
433 575 476 613 in
498 574 763 614 connubium
784 574 950 612 frustra
980 572 1195 623 petierant
1224 570 1324 616 init;
1359 569 1437 608 sed
1472 581 1556 607 uno
1588 581 1659 607 oe-

112 640 218 687 ciso,
244 640 400 680 ceteris
421 640 573 691 captis,
599 639 775 678 Soldani
798 638 945 690 copias
963 637 1178 689 profligat,
1201 639 1243 674 et
1261 635 1527 674 Ascendiam
1550 634 1662 672 redit

108 704 249 743 victor
286 704 337 742 ad
373 704 677 755 Drugiolinam
711 703 779 742 eui
808 716 854 742 se
885 701 1211 753 agnoscendum
1230 700 1411 751 prrebet.
1443 699 1660 737 Soldanus

111 772 256 807 autem
285 782 308 807 a
330 781 375 807 se
398 781 483 807 non
506 769 808 807 Fioravantem
830 767 944 806 vinci
967 778 1098 818 posse
1120 765 1367 815 intelligens
1391 776 1540 815 pacem
1563 775 1661 802 eum

112 832 290 871 Balante
307 833 410 872 facit
430 837 472 872 et
487 833 529 871 in
551 833 824 871 Babiioniam
846 832 959 870 redit
976 831 1154 882 (Lx-Lu).

162 897 322 936 Scurra
346 903 501 945 tamen,
528 899 601 948 qui
618 899 922 937 Fioravantem
946 898 1223 948 cognoverat,
1248 893 1417 933 Balanti
1439 893 1532 944 regi
1547 893 1662 943 quis-

107 975 205 1001 nam
228 962 285 1001 sit
306 963 375 1001 hic
396 963 667 1002 fortissimus
690 975 823 1013 eques
855 962 1057 1001 declarat.
1079 961 1200 999 Tune
1222 960 1380 998 Balans
1411 957 1660 997 infensissi-

108 1039 227 1065 mum
249 1027 420 1065 hostem
455 1027 528 1077 qui
549 1028 726 1065 fratrem
751 1027 1027 1072 Galeranum,
1063 1028 1265 1076 nepotem
1296 1024 1497 1073 Farnagu
1526 1022 1661 1060 inter-

110 1090 237 1138 fecit,
290 1092 503 1143 supplicio
548 1092 721 1130 afficere
762 1091 915 1130 statuit
939 1104 946 1137 ;
996 1103 1073 1141 per
1124 1090 1284 1128 malum
1334 1088 1480 1126 dolum
1528 1085 1661 1125 armis

108 1155 325 1206 privatum
345 1160 467 1195 caute
490 1156 642 1207 arripit
661 1159 701 1195 et
722 1156 764 1194 in
787 1168 957 1194 carcero
981 1154 1162 1193 includit
1184 1154 1286 1192 dum
1313 1153 1364 1191 ad
1397 1151 1661 1203 supplicium

109 1220 252 1259 ducat.
283 1221 368 1259 Sed
390 1221 660 1272 Drugiolina,
684 1234 762 1273 per
784 1221 1119 1259 subterraneum
1148 1218 1411 1264 cuniculum,
1431 1217 1482 1255 ad
1508 1216 1662 1255 castel·

108 1285 198 1324 lum
236 1285 503 1338 Jlonfsa'rfalco
544 1287 659 1337 quod
698 1286 955 1337 possidebat
993 1297 1090 1323 cum
1133 1287 1302 1322 amante
1342 1282 1474 1332 fugit,
1516 1280 1576 1318 ita
1617 1282 1664 1318 ut

110 1349 304 1388 Balantis
343 1351 504 1389 milites
543 1363 676 1400 quum
711 1350 929 1400 captivum
971 1349 1023 1387 ad
1060 1347 1322 1399 supplicium
1359 1344 1661 1385 adducendum

111 1415 402 1465 requirerent,
442 1428 658 1455 carcerem
687 1427 870 1454 vacuum
899 1414 1156 1452 invenirent.
1182 1412 1306 1451 Unde
1326 1412 1488 1450 sactum
1512 1413 1558 1447 ut
1588 1421 1663 1446 rex

113 1478 305 1517 obsideri
327 1480 752 1530 castellumjuberet,
777 1479 892 1529 quod
917 1478 1119 1516 tenebant
1140 1477 1267 1515 modo
1291 1487 1388 1515 cum
1405 1474 1661 1512 Fioravante

113 1546 155 1582 et
175 1544 431 1595 Drugiolina
455 1557 612 1584 uxores
635 1544 841 1583 comitum
874 1547 916 1582 et
949 1544 1106 1582 ducum
1139 1554 1248 1592 quos
1287 1541 1338 1579 ad
1377 1538 1662 1591 spectandum

111 1607 374 1658 supplicium
397 1608 655 1647 invitaverat
683 1609 842 1646 Balans
863 1607 1065 1659 (Lm-LV).

157 1672 327 1712 Interea
348 1673 574 1712 interierat
602 1673 817 1711 Fiorellus
846 1686 933 1719 rex,
972 1675 1013 1710 ct
1040 1673 1241 1722 precante
1273 1669 1453 1719 Regina,
1476 1679 1659 1717 regnum

109 1737 246 1776 donec
284 1738 447 1776 rediret
483 1738 720 1776 Fioravans
766 1737 939 1776 tenebat
973 1736 1214 1775 Ricoierus.
1264 1734 1423 1772 Scurra
1469 1732 1657 1783 quidam,

105 1801 276 1839 Lotte'eri
293 1802 481 1847 nomine,
504 1802 733 1853 pollicetur
754 1814 800 1840 se
823 1802 1125 1840 Fioravantem
1159 1803 1435 1850 reperturum
1459 1800 1500 1835 et
1535 1796 1657 1834 Pari-

108 1866 199 1905 sios
222 1867 518 1913 reducturum,
559 1879 609 1905 ea
637 1870 780 1905 tamen
811 1866 1063 1920 condicione
1087 1869 1135 1904 ut
1153 1864 1424 1903 comitissam
1446 1861 1657 1900 Flandriae

109 1943 203 1982 quae
227 1936 326 1970 tunc
343 1932 474 1970 vidua
495 1936 585 1970 erat
614 1936 655 1971 et
687 1933 800 1984 apud
841 1933 1034 1983 reginam
1074 1931 1259 1978 vivebat,
1302 1941 1480 1968 uxorem
1512 1929 1654 1967 ducat.

110 1996 214 2035 Fide
254 1997 373 2045 data,
415 1997 708 2048 proficiscitur
743 2003 784 2036 et
823 2011 901 2049 per
934 1998 1079 2036 varios
1118 2008 1290 2035 errores
1321 2006 1461 2044 usque
1491 1993 1543 2031 ad
1572 1993 1656 2031 Ba-

106 2061 237 2100 lantis
257 2062 399 2099 aulam
421 2061 630 2112 pervenit,
665 2065 706 2100 et
731 2062 815 2101 sibi
844 2064 939 2112 ejiis
972 2061 1205 2100 amicitiam
1237 2059 1451 2098 conciliat.
1490 2057 1656 2096 Castel-

107 2126 196 2164 lum
236 2125 389 2164 deinde
422 2126 466 2164 in
506 2138 589 2176 quo
630 2127 886 2179 Drugiolina
926 2126 1222 2171 obsidebatur,
1261 2124 1362 2167 adit.
1410 2122 1657 2161 Fioravanti

105 2191 282 2229 nuntios
303 2191 454 2229 matris
482 2191 606 2230 affert
627 2196 668 2230 et
689 2192 740 2230 ab
758 2205 807 2230 eo
825 2192 993 2230 litteras
1019 2191 1145 2229 matri
1169 2189 1460 2241 apportandas
1483 2187 1650 2238 recipit.

104 2255 234 2294 Redit
255 2255 408 2294 deinde
431 2268 582 2294 scurra
604 2255 815 2301 Parisios,
843 2259 882 2294 et
905 2255 1098 2306 reginam
1120 2254 1272 2293 invitat
1294 2257 1341 2292 ut
1362 2253 1448 2291 filio
1474 2251 1652 2291 auxilie-

108 2322 199 2366 tur3
224 2324 377 2371 postea
408 2320 619 2360 Flandriae
651 2323 919 2361 comitissam
940 2334 1118 2361 uxorem
1142 2320 1260 2360 ducit
1277 2320 1505 2371 (LVI-LVII&

160 2384 279 2423 Tunc
307 2384 457 2433 regina
481 2385 648 2435 legatos
671 2387 723 2425 ad
745 2399 899 2438 papam
927 2389 973 2425 ut
1003 2386 1238 2424 exercitum
1273 2385 1401 2424 ducat
1434 2384 1579 2429 mittit,
1613 2386 1655 2421 et

107 2459 204 2486 cum
226 2461 305 2486 Lxx
325 2449 518 2487 millibus
554 2451 747 2501 equitum
773 2451 919 2490 statim
952 2451 1147 2489 Parisios
1178 2450 1388 2496 accurrit;
1426 2448 1652 2487 Riccierus

107 2523 278 2562 quoque
324 2525 403 2549 Lxx
432 2512 565 2551 millia
598 2515 783 2566 colligit3
829 2527 980 2554 omnes
1019 2515 1117 2553 dein
1157 2513 1505 2565 proficiscuntur,
1544 2511 1651 2550 duce

105 2575 256 2626 regina
274 2588 368 2626 qua}
391 2577 533 2615 mariti
555 2591 674 2618 arma
696 2579 909 2628 induerat,
939 2585 981 2620 et
1002 2581 1171 2619 Balanti
1193 2581 1438 2619 occurrunt.
1471 2577 1550 2615 Hic
1578 2588 1651 2614 co-

102 2639 197 2690 pias
218 2640 261 2678 in
280 2644 368 2679 tres
385 2642 599 2681 exercitus
616 2644 825 2684 dividerat
841 2658 1026 2695 quorum
1044 2645 1117 2684 uni
1135 2642 1536 2696 praeeratFalserus
1553 2651 1650 2679 cum

104 2716 198 2752 xxx,
225 2705 347 2744 alteri
369 2718 505 2757 nepos
529 2719 627 2745 cum
656 2721 749 2756 xxv,
778 2710 905 2749 tertio
929 2710 1023 2761 ipse
1047 2721 1143 2748 cum
1169 2722 1192 2747 L
1213 2707 1407 2746 millibus
1437 2705 1647 2757 equitum.

106 2767 453 2809 Christianorum
483 2783 655 2822 quoque
690 2774 906 2813 exercitus
936 2775 979 2812 in
1014 2778 1101 2812 tres
1132 2776 1278 2824 partes
1300 2771 1469 2811 divisus
1492 2771 1646 2815 fuerat,
