1881 3104
841 143 1078 183 —24—

230 256 373 308 Igitur
392 256 436 295 in
454 269 625 296 summa
658 257 732 294 130
751 267 959 294 versuum
981 257 1022 292 et
1043 255 1092 291 55
1115 253 1390 293 diversorum
1413 255 1733 307 rhythmorum,

173 320 250 359 duo
300 322 599 361 tantummodo
641 321 853 360 voeabula
898 319 1145 357 invenimus
1180 331 1367 369 quorum
1402 320 1569 371 syllaba
1607 321 1648 358 oi
1683 320 1736 359 ab

174 400 197 424 α
243 388 312 426 vel
360 401 380 425 0
428 388 560 427 latino
613 387 827 438 originem
875 385 1026 431 ducat3
1067 387 1224 423 caetera
1267 387 1413 423 autem
1454 384 1506 422 ab
1546 387 1568 423 ἒ
1604 386 1671 423 vel
1710 386 1736 435 ἲ,

173 451 300 491 Unde
335 453 446 492 hoc‘?

227 516 353 556 Nunc
373 530 475 556 vero
498 530 653 569 poema
674 516 898 567 quodlibet
919 515 961 553 in
983 515 1143 553 saeculo
1165 527 1242 552 XIII
1266 514 1483 565 scriptum
1501 514 1740 567 interroge-

173 594 273 620 mus
298 594 306 620 :
330 582 442 620 Domi
470 582 515 620 de
545 582 745 633 Hastam),
771 581 955 630 exempli
974 579 1112 629 gratia
1137 591 1144 616 :
1170 591 1210 629 p.
1235 580 1286 616 59
1318 582 1361 617 et
1381 580 1446 626 60,
1479 592 1529 618 ex
1559 581 1609 618 38
1636 593 1735 618 ver-

175 645 301 685 sibus
334 647 376 685 in
413 648 454 685 οἱ
483 646 840 692 consonantibus,
875 646 925 683 26
953 647 1053 682 sunt
1075 643 1117 681 in
1137 643 1299 693 quibus
1324 644 1494 695 syllaba
1523 645 1564 682 οἱ
1589 645 1641 684 ab
1678 658 1696 683 e
1724 646 1741 683 ί

174 710 420 758 deducitur,
448 713 496 749 12
516 724 622 750 vero
646 711 688 749 in
711 710 871 760 quibus
894 722 917 747 a
934 708 1067 747 latino
1094 712 1231 747 o‘orta
1253 711 1338 748 est.

226 775 275 814 In
295 775 414 814 Haon
445 776 491 814 (le
517 775 748 821 Bordeazmx,
783 774 898 825 quod
933 774 975 812 in
1009 773 1091 812 fine
1127 774 1275 813 saeculi
1305 787 1364 813 ΧΠ
1398 778 1472 813 aut
1505 774 1628 815 initio
1660 788 1738 815 xm

173 840 383 891 scriptum
403 853 500 879 esse
518 853 669 879 omncs
692 839 983 884 consentiunt,
1010 852 1050 890 p.
1074 841 1147 877 166
1162 839 1323 890 legitur
1342 840 1523 891 stropha
1541 842 1565 878 8
1582 853 1738 880 conso-

171 905 420 944 nantiarum
443 918 626 956 quarum
650 909 838 955 quatuor
854 916 885 943 e.
908 904 924 940 τ’
942 908 1201 954 agnoscunt,
1227 908 1414 955 quatuor
1429 909 1574 944 autem
1593 920 1614 943 ο
1631 906 1740 958 (accat

171 975 266 1008 arat
297 969 417 1020 abac).

226 1033 339 1082 Quid
361 1034 443 1072 hoc
465 1034 550 1072 sibi
571 1035 692 1073 vult?
716 1033 932 1073 Constat}
954 1034 1174 1082 ivocales,
1199 1035 1373 1085 quoties
1395 1036 1500 1074 solae
1536 1039 1637 1074 sunt
1664 1039 1740 1074 aut

170 1099 372 1149 sequitur
404 1099 604 1150 palatalis
640 1111 899 1148 consonans,
934 1100 978 1138 in
1011 1100 1157 1151 prisca
1186 1100 1337 1150 lingua
1358 1100 1680 1151 diphthongum
1703 1101 1743 1138 ec*

171 1163 427 1215 protulisse,
464 1176 558 1214 quae
589 1164 783 1203 nativum
818 1177 975 1203 sonum
1011 1177 1149 1215 usque
1183 1165 1235 1203 ad
1281 1164 1468 1203 mediam
1495 1164 1646 1204 saeculi
1675 1177 1736 1203 xii

170 1232 337 1280 partem
361 1229 572 1276 servarim
598 1233 696 1268 tunc
720 1229 763 1268 in
783 1230 825 1267 οἱ
842 1230 1002 1268 mutari
1023 1229 1187 1280 incepit
1216 1228 1405 1280 primum
1440 1229 1481 1267 in
1516 1229 1732 1277 picardia,

168 1293 268 1332 dein
301 1294 343 1332 in
377 1294 648 1344 Burgundia,
685 1298 726 1333 et
759 1294 802 1332 in
824 1294 1006 1333 Francia
1028 1294 1227 1341 demum;
1252 1294 1520 1333 Normandia
1542 1295 1662 1333 salva
1681 1294 1733 1333 ab

170 1359 250 1398 hac
272 1358 527 1398 alteratione
552 1359 645 1398 fuit.
671 1359 718 1398 In
740 1359 937 1405 Francia,
962 1359 1014 1398 ad
1037 1359 1166 1397 finem
1201 1359 1351 1398 saeculi
1385 1372 1444 1398 ΧΠ
1477 1360 1516 1397 ez·
1550 1359 1735 1398 sonabat

171 1424 222 1469 oi,
245 1423 301 1461 ita
322 1426 370 1462 ut
390 1427 530 1474 poetae
553 1424 687 1462 istum
710 1436 865 1462 sonum
887 1425 928 1462 oi
944 1436 1041 1462 cum
1064 1424 1252 1474 genui-no
1277 1428 1319 1463 et
1337 1424 1558 1475 primitivo
1577 1425 1682 1463 oz'ex
1697 1438 1732 1472 0,

172 1502 194 1526 ιι
221 1489 289 1527 vel
325 1501 376 1527 [ιιι
413 1492 506 1527 orto
541 1489 585 1527 in
611 1489 814 1540 rhythmo
849 1493 923 1528 aut
951 1488 994 1526 in
1032 1489 1314 1527 consonantia
1349 1491 1615 1540 conjungere
1649 1501 1736 1528 non

169 1554 443 1601 dubitarent3
480 1555 524 1593 in
559 1555 912 1605 pronuntiatione
949 1556 1063 1592 enim
1098 1566 1249 1592 recens
1290 1554 1396 1592 illud
1439 1555 1480 1592 oi
1514 1554 1566 1592 ab
1597 1554 1732 1592 altero

168 1631 253 1657 non
276 1619 624 1658 discernebatur.
648 1620 752 1658 Inde
772 1619 963 1671 rhythmi
987 1631 1098 1669 quos
1116 1620 1261 1670 legere
1285 1623 1352 1658 est
1374 1619 1417 1657 in
1436 1618 1549 1657 Doon
1574 1618 1620 1656 (Ie
1640 1618 1732 1657 Ma-

168 1697 300 1735 yenee,
325 1684 445 1722 Huon
474 1684 520 1723 (le
547 1684 777 1732 BorcleauQ
805 1689 885 1724 ete.

226 1749 311 1788 Sed
359 1750 555 1800 plerique
602 1750 774 1789 codices
818 1763 928 1801 quos
972 1751 1111 1789 adhuc
1156 1762 1384 1789 servamus
1439 1751 1600 1789 saeculo
1652 1762 1729 1788 xm

169 1814 322 1865 scripti
354 1818 469 1853 sunt.
506 1814 670 1854 Idcirco
706 1828 838 1866 quum
875 1815 1019 1854 scriba
1049 1828 1202 1866 poema
1237 1815 1455 1865 quoddam
1490 1814 1639 1854 saeculi
1668 1826 1728 1852 xm

169 1879 482 1917 transcriberet
500 1879 543 1917 in
566 1892 650 1930 quo
673 1880 930 1919 occurrebat.
946 1881 1126 1931 stropha
1146 1892 1223 1931 per
1241 1881 1550 1927 ez'eonsonans,
1567 1879 1728 1930 ubique

168 1944 208 1981 ei
224 1943 267 1982 in
286 1945 335 1990 oi,
362 1948 409 1983 ut
431 1944 648 1996 scriptura
670 1945 813 1996 prisca
835 1957 931 1984 cum
950 1957 1059 1983 nova
1081 1943 1433 1995 pronuntiatione
1455 1947 1728 1994 congrueret‚

167 2009 463 2048 convertebat.

220 2073 278 2112 At
300 2073 342 2111 in
363 2076 514 2112 nostro
533 2077 666 2118 textu,
686 2079 873 2125 quatuor
889 2074 1092 2125 strophas
1111 2074 1357 2113 invenimus
1373 2074 1416 2112 in
1434 2075 1728 2114 oz'consonan-

167 2140 250 2184 tes,
276 2150 460 2188 quarum
484 2142 572 2177 tres
595 2139 886 2189 antiquiorem
913 2152 1070 2178 sonum
1092 2140 1130 2176 ef
1154 2139 1358 2185 indicant,
1398 2144 1552 2190 quarta
1583 2144 1727 2179 autem

164 2202 563 2253 pronuntiationem
587 2205 689 2241 ei:
710 2205 751 2242 οι·
768 2204 809 2242 in
831 2204 1004 2243 duobus
1024 2205 1152 2243 modo
1174 2204 1400 2244 vocabulis
1435 2205 1721 2244 demonstrat.

164 2267 278 2316 Quid
298 2281 346 2306 ex
371 2268 451 2307 hoc
474 2270 819 2308 concludendum
841 2275 920 2317 est,
945 2270 1029 2308 nisi
1051 2282 1205 2321 poema
1228 2264 1395 2308 scilicet
1416 2281 1465 2308 eo
1488 2270 1585 2321 ipso
1611 2273 1723 2308 tem-

163 2345 267 2383 pore
283 2332 495 2384 scriptum
508 2334 648 2372 fuisse
666 2347 750 2385 quo
773 2335 988 2385 gliscebat
1009 2337 1048 2373 et
1071 2333 1671 2385 propagabaturdiphthongi
1689 2335 1728 2372 ei

164 2410 276 2436 nova
296 2398 567 2449 ponuntiatio
586 2401 648 2446 ees:
667 2400 835 2439 scilicet
856 2401 1135 2439 decrescente
1159 2399 1319 2437 saeculo
1342 2411 1401 2436 XII
1424 2398 1451 2436 1.

207 2539 234 2569 1.
260 2539 465 2571 Notandum
489 2544 543 2572 est
560 2540 648 2572 duos
669 2549 795 2571 versus
814 2539 875 2580 qui
895 2539 970 2575 (str.
991 2540 1044 2579 39)
1068 2539 1321 2571 consonantias
1356 2539 1453 2572 crois
1477 2542 1511 2571 et
1531 2539 1612 2572 enei
1633 2540 1722 2573 atse-

163 2593 260 2631 runt.
283 2591 468 2625 deficiente
493 2593 646 2634 quadani
668 2593 815 2634 syllaba.
838 2593 1061 2625 claudicare:

410 2667 457 2701 Or
476 2669 590 2711 priJ'e
609 2678 631 2701 a
654 2668 745 2701 celui
761 2669 821 2710 qui
839 2668 876 2700 su
900 2669 966 2699 niis
990 2678 1034 2700 en
1058 2668 1091 2699 la
1111 2669 1202 2700 eroiz

413 2722 489 2759 Que
509 2732 592 2754 mon
612 2732 690 2755 cors
710 2732 766 2755 me
786 2721 956 2755 dest'amle
973 2721 1015 2754 de
1029 2721 1135 2754 home
1157 2724 1188 2754 et
1206 2722 1333 2756 cl'enoi.

201 2796 255 2829 Ne
288 2801 407 2830 tamen
431 2802 564 2831 temere
588 2799 712 2832 credas
733 2802 940 2841 corruptum
962 2800 1011 2831 ita
1028 2799 1138 2831 fuisse
1162 2799 1257 2832 hunc
1283 2800 1399 2832 locum
1420 2802 1460 2832 ut
1479 2800 1714 2832 consonantia
