1881 3104
757 150 813 158 —-
850 126 925 166 v[7¹¹1
965 150 1017 157 —-

115 252 228 289 quam
249 240 347 283 aliis,
370 241 422 275 ita
438 250 477 275 se
497 239 626 286 gessit,
650 244 693 275 ut
712 239 884 274 omnium
906 239 1033 275 oculos
1065 239 1105 274 in
1133 249 1174 274 se
1206 245 1454 283 converteret,
1480 243 1567 288 quia
1593 253 1664 278 ne-

114 306 256 341 minem
276 304 490 350 Principem
522 309 599 340 tam
632 304 768 340 fortem
788 304 946 348 invenit,
974 315 1084 351 quem
1118 303 1218 339 illico
1247 305 1285 338 in
1312 308 1450 340 terram
1472 317 1549 342 non
1569 318 1660 353 pro-

114 376 310 407 sterneret.
333 369 509 406 cruentis
529 370 573 405 ad
594 370 745 405 axillam
772 380 892 416 usque
924 369 1105 404 ambabus
1132 368 1308 404 manibus
1329 370 1663 415 sanguinolentum

116 447 246 472 ensem
279 435 453 471 vibravit.
485 434 587 470 Otun
619 445 768 482 quoque
793 440 829 470 et
853 434 992 470 Jofreir
1022 434 1124 469 illius
1145 435 1319 481 exemplo
1347 435 1517 481 instigati
1544 437 1663 472 multa

114 502 262 547 egregia
277 500 444 536 facinora
461 506 497 536 et
516 500 752 548 frequentem
772 500 912 536 caedem
945 501 1202 536 committunt.
1228 499 1275 549 (p.
1301 500 1363 544 89)
1386 500 1554 536 Tandem
1578 501 1664 537 Flo-

114 572 204 601 vent
219 564 451 601 Amirallum
468 565 614 612 Regem
633 565 683 615 (c)
708 565 832 601 media
858 565 898 600 in
925 565 1005 600 acie
1025 566 1231 611 reperiens,
1251 575 1338 600 orco
1363 564 1465 601 dedit
1487 566 1557 614 (d).
1581 566 1662 610 Quo

113 630 195 667 viso
228 630 356 668 hostes
388 629 431 679 (e)
463 630 591 677 fugam
623 630 751 666 statim
784 630 982 677 arripiunt,
1015 634 1052 665 et
1082 629 1282 676 fugIentes,
1309 630 1497 677 pecudum
1528 631 1661 677 instar,

112 696 322 733 eaeduntur.
1612 690 1619 699 ⁶
1660 693 1662 695 ’

164 762 277 798 Fusis
309 761 522 808 fugatisque
556 761 741 803 hostibus,
787 772 960 797 reversus
989 763 1029 797 in
1056 761 1189 797 urbem
1217 760 1426 807 Imperator
1461 766 1663 809 cognatum

113 839 224 864 suum
245 826 468 862 Floventem
495 837 644 861 summo
677 837 763 861 cum
785 826 934 873 gaudio,
959 826 1157 873 complexu
1178 831 1214 862 et
1234 827 1362 862 osculo
1385 828 1552 873 excepit;
1573 838 1658 873 gra-

113 893 258 939 tiasque
279 892 354 937 egit
371 890 452 926 Deo
473 895 510 925 et
528 890 597 937 illi,
623 892 688 937 qui
709 896 823 926 tanta}
840 891 1008 927 victoriae
1028 891 1207 927 authores
1229 897 1356 927 essent
1375 894 1433 940 (f).

164 957 323 993 Flovent
343 955 477 992 Romae
511 956 784 1003 aliquantisper
811 963 1068 993 commoratus
1094 968 1115 992 a
1138 957 1266 993 Marco
1294 957 1409 1005 Papa,
1433 958 1546 994 Festo
1574 957 1662 995 An-

112 1022 371 1059 nunoiationis
393 1026 533 1058 sanctae
559 1020 690 1057 Mariae
711 1027 927 1058 coronatur.
951 1022 1095 1065 Quibus
1127 1022 1303 1058 omnibus
1333 1024 1402 1059 rite
1423 1026 1597 1070 peractis,
1621 1024 1665 1059 ab

118 1081 353 1136 imperatore
382 1086 586 1123 admodum
613 1086 837 1133 honoratus,
862 1089 900 1122 in
932 1087 1132 1123 Franciam
1163 1090 1376 1131 revertitur,
1406 1089 1469 1124 ubi
1501 1089 1617 1125 redux
1646 1100 1667 1124 a

113 1154 263 1200 Regina
282 1158 319 1188 et
336 1158 415 1188 toto
434 1151 573 1199 populo
594 1162 744 1186 summo
765 1161 851 1186 cum
873 1150 1059 1187 desiderio
1080 1152 1242 1187 libenter
1262 1152 1461 1199 excipitur.

165 1219 314 1255 Deinde
340 1216 443 1252 Otun
472 1216 674 1252 Fausetam
702 1221 739 1251 et
759 1215 900 1252 Jofreir
919 1216 1137 1252 Florentem
1157 1228 1293 1253 uxores
1312 1217 1478 1260 ducunt;
1503 1219 1557 1254 illi
1576 1219 1666 1255 Flo-

113 1290 204 1322 vent
230 1283 449 1320 Corbolium
473 1281 540 1330 (q),
572 1282 660 1318 huic
685 1281 967 1325 ‚Normandiam
1003 1294 1117 1330 regna
1150 1283 1277 1327 dedit,
1311 1290 1348 1319 et
1374 1284 1477 1330 regio
1508 1285 1666 1320 nomine

114 1356 319 1397 utrumque
352 1348 629 1385 condecoravit.
658 1348 708 1383 Hi
728 1358 816 1383 vero
848 1359 915 1395 pro
943 1350 1058 1384 tantis
1089 1349 1312 1385 muneribus
1346 1350 1545 1392 maximas,
1571 1360 1664 1396 quas

114 1420 330 1462 potuerunt,
364 1425 472 1461 egere
493 1415 645 1460 gratiam,
669 1420 706 1449 et
726 1415 764 1448 in
786 1424 853 1449 sua
872 1425 987 1460 regna
1008 1415 1167 1462 quisque
1189 1426 1227 1450 se
1249 1416 1423 1452 contulit.
1454 1431 1465 1442 ·

166 1480 249 1516 Hoc
267 1485 375 1527 pacto
396 1479 559 1514 Flovent
578 1480 691 1514 totius
709 1478 880 1514 Francia*
895 1479 1037 1526 potitus
1058 1481 1190 1522 multa,
1213 1481 1286 1515 alia
1304 1480 1564 1516 memorabilia
1584 1492 1665 1527 ges-

114 1547 175 1588 sit,
200 1556 284 1592 quae
303 1545 452 1591 singula
472 1544 629 1591 longum
649 1545 745 1581 soret
766 1556 1002 1582 enumerare.
1025 1545 1080 1580 Ex
1098 1547 1224 1592 regina
1238 1546 1453 1581 *Marsibilla
1475 1558 1539 1582 sex
1564 1547 1662 1582 filios

114 1611 280 1657 suscepit
302 1609 371 1659 (ll),
399 1611 563 1647 illustres
581 1613 698 1657 viros,
716 1618 753 1646 et
772 1611 876 1646 Patri
902 1611 1003 1646 haud
1023 1611 1228 1647 absimiles.
1254 1610 1362 1654 Quod
1393 1616 1577 1658 superest,
1602 1621 1662 1645 re-

113 1688 230 1722 gnum
250 1688 362 1713 suum
382 1676 546 1712 Flovent
565 1687 714 1712 summa
732 1687 818 1712 cum
836 1677 945 1712 laude
966 1677 1105 1712 multos
1125 1688 1247 1712 annos
1268 1677 1561 1713 administravit.
1584 1675 1663 1711 fas-

114 1753 174 1778 ces
201 1752 289 1778 suos
310 1741 480 1788 potentia
505 1747 542 1777 et
564 1741 712 1788 justitia
732 1742 908 1786 suffulsit,
932 1742 1107 1789 muni-(p.
1130 1742 1363 1789 90)-ficentia
1395 1749 1431 1777 et
1461 1740 1666 1776 clementia

114 1807 276 1844 ornavit.

167 1873 335 1909 Tandem
367 1872 472 1908 senio
510 1869 704 1908 confectus
737 1872 896 1908 feliciter
927 1873 1045 1916 obiit,
1076 1878 1112 1909 et
1143 1875 1183 1908 in
1226 1873 1367 1919 templo
1402 1871 1534 1907 Matris
1568 1870 1660 1916 Dei,

114 1942 253 1974 sanctae
274 1937 416 1983 Mariae,
436 1939 604 1984 sepultus
620 1937 792 1985 quiescit,
817 1937 915 1985 quod
937 1940 1109 1984 ipsemet,
1134 1937 1224 1973 dum
1240 1938 1278 1973 in
1298 1938 1396 1972 vivis
1415 1943 1507 1979 erat,
1529 1936 1566 1970 in
1591 1934 1665 1970 Dei

114 2002 311 2047 honorem,
334 2014 517 2050 suamque
536 2003 695 2037 salutem
712 2002 961 2038 extruendum
977 2008 1195 2046 curaverat;
1217 2003 1279 2049 qui
1300 2013 1388 2038 cum
1406 2001 1503 2037 Filio
1523 2006 1560 2036 et
1579 2000 1664 2046 Spi-

117 2069 190 2104 ritu
208 2074 340 2104 sancto
360 2068 454 2104 vivit
471 2073 508 2103 et
525 2074 655 2113 regnat
677 2068 715 2103 in
735 2070 964 2114 sempiterna
983 2068 1125 2105 secula.
1150 2066 1292 2103 Amen.

158 2208 202 2246 (c)
222 2207 253 2238 A
272 2206 302 2238 D
325 2218 331 2237 z
356 2206 488 2248 Regem
512 2206 740 2239 Ethnicorum
764 2207 952 2239 interfecit.

158 2258 205 2299 (d)
228 2260 260 2290 A
284 2259 312 2291 D
338 2271 345 2290 :
372 2259 612 2300 vexillumque
635 2259 800 2291 concidit.

158 2316 202 2354 (e)
225 2314 257 2344 A
275 2311 304 2343 D
323 2324 328 2342 :
355 2312 503 2343 herbam
523 2313 641 2344 statim
663 2313 863 2354 porrigunt.

159 2365 199 2407 (s)
224 2367 255 2398 A
275 2365 304 2397 D
322 2377 327 2395 :
347 2365 403 2396 cui
427 2368 461 2396 et
483 2365 596 2396 multa
619 2366 716 2407 regia
739 2365 831 2397 dona
854 2367 1023 2407 erogavit,
1046 2376 1198 2408 eumque
1216 2366 1349 2407 Regem
1373 2365 1482 2396 totius
1503 2363 1663 2395 Franciae

118 2419 261 2451 creavit.

157 2475 203 2513 (9)
226 2472 255 2503 D
280 2483 285 2502 :
309 2471 549 2508 Cui-laudium,
573 2471 631 2504 secl
649 2481 852 2515 perperam.

159 2525 209 2566 (lt)
231 2525 287 2557 Sit·
311 2524 346 2561 C,
370 2525 432 2557 sed
452 2527 505 2557 A:
532 2525 656 2563 filium,
679 2525 706 2556 B
727 2537 732 2556 :
753 2526 853 2558 filios.

840 2670 947 2694 FINIS.
