1881 3104
830 127 1091 169 —162—

188 242 245 277 los
277 251 410 287 agnos,
447 244 513 276 aut
539 239 634 276 falco
655 240 851 275 famelicus
879 239 1059 286 prredam,
1084 240 1312 288 aggreditur,
1340 241 1496 288 ipseque
1521 242 1656 279 occisis
1675 243 1740 280 de-

188 317 270 342 cem
290 307 420 353 magni
435 305 604 342 nominis
625 300 883 352 Principibus,
912 305 1100 341 Corbuam
1118 306 1234 351 Regis
1253 306 1373 341 filium
1394 306 1434 342 in
1460 318 1625 354 pugnam
1652 319 1741 355 pro-

187 376 310 418 vocat,
325 371 455 407 dicens
476 382 483 406 :
503 371 543 406 Si
559 370 675 407 audes
692 381 844 407 mecum
865 381 1002 407 manus
1022 382 1235 417 conserere,
1256 372 1552 409 adesto.Verum
1567 373 1741 410 Corbuan

187 440 365 473 virtutem
396 448 470 485 qua
498 437 659 473 Flovent
687 437 882 484 praenituit
901 437 1018 484 probe
1039 438 1228 484 cognovit,
1253 448 1433 485 armaque
1453 438 1534 484 ejus
1556 439 1745 485 sanguine

185 503 324 539 infecta
353 504 595 549 conspicatus
615 503 655 538 in
680 503 802 539 aciem
834 513 990 539 suorum
1019 503 1173 550 pernice
1193 503 1308 549 gradu
1330 503 1488 539 timidus
1518 514 1557 539 se
1585 504 1740 551 recepit.

185 568 349 604 Flovent
366 567 576 614 fuglentem
596 569 807 611 insecutus,
831 579 909 604 non
932 573 1059 603 tamen
1080 569 1310 615 assequitur,
1343 568 1432 615 quia
1452 568 1623 604 Saxones
1645 579 1743 605 con-

187 640 287 670 serta
309 635 478 669 virorum
505 634 640 670 robora
660 634 715 669 illi
745 634 1014 670 obtendebant.
1037 633 1197 669 Corbuae
1221 635 1572 681 tamenproximos
1607 634 1739 678 caedit5

185 699 255 734 viri
285 709 434 746 quoque
456 698 537 745 ejus
558 700 719 745 vestigia
748 700 990 745 antesignani
1010 698 1069 734 sui
1094 697 1242 734 fortiter
1262 700 1395 742 secuti,
1421 697 1474 746 (p.
1509 701 1572 744 75)
1599 700 1742 736 multos

184 764 354 799 hostium
374 764 580 811 perimunt,
602 764 798 811 aciemque
819 763 1047 799 disturbant.
1070 764 1232 799 Flovent
1257 775 1323 810 per
1347 764 1513 800 mediam
1543 763 1743 801 Saxonum

184 831 304 866 aciem
331 841 596 877 perrumpens,
619 828 872 875 Archiregem
893 829 1111 877 quaerend0‚
1142 831 1320 877 utrinque
1339 830 1468 877 plagas
1490 830 1646 866 inflixit.
1675 829 1742 866 Sa-

184 895 297 932 latres
319 906 408 931 vero
429 902 630 942 conspecta
651 906 808 931 suorum
837 894 942 934 clade
967 895 1140 942 miraque
1166 896 1304 931 virtute
1324 895 1533 939 Floventis,
1559 896 1624 943 qui
1654 907 1742 932 eum

185 960 299 996 etiam
319 965 447 1008 petere
469 960 695 1005 sustinebat,
725 971 808 996 sese
837 971 925 996 cum
951 960 1141 995 universis
1173 961 1291 1007 copiis
1323 960 1425 997 illico
1454 961 1493 996 in
1521 961 1648 1008 fugam
1675 973 1738 1008 pe-

183 1027 366 1071 netravit,
389 1025 549 1062 Francis
575 1025 766 1072 fugientes
785 1025 1025 1072 urgentibus.
1047 1025 1208 1061 Flovent
1235 1031 1364 1061 autem
1393 1025 1646 1073 Archiregem
1671 1026 1743 1062 Sa-

182 1091 332 1137 latrem,
361 1090 494 1127 nitidis
515 1091 917 1138 armisconspicuum,
941 1091 1006 1126 tali
1041 1091 1205 1126 clamore
1230 1091 1444 1138 insequitur
1473 1102 1480 1127 :
1505 1091 1568 1127 Me
1593 1091 1742 1129 adoles-

183 1162 348 1201 centem,
383 1158 522 1205 inquit,
563 1156 822 1204 septendecim
855 1167 977 1192 annos
1009 1161 1157 1200 natum,
1187 1156 1270 1192 Rex
1299 1156 1479 1201 Salatres,
1511 1162 1688 1204 exspecta
1712 1158 1744 1194 si
1786 1183 1791 1187 -

183 1222 364 1259 dimicare
385 1223 541 1259 audeas.
565 1222 652 1258 Rex
680 1233 769 1258 vero
797 1222 951 1257 territus
981 1232 1078 1269 equo
1105 1221 1273 1257 subdidit
1295 1222 1469 1270 calcaria,
1494 1228 1532 1258 et
1556 1223 1740 1265 Saxones,

183 1290 318 1337 panico
331 1296 474 1326 terrore
490 1289 668 1337 perculsi,
690 1288 842 1335 fugiunt
859 1300 867 1334 ς
883 1299 1044 1335 quorum
1062 1288 1172 1323 multi
1184 1287 1275 1324 dum
1290 1293 1417 1335 portas
1432 1288 1578 1325 turbide
1593 1294 1738 1335 petunt,

181 1355 230 1391 ab
249 1357 356 1405 equis
377 1355 590 1392 conculcati
608 1356 767 1402 periere.
795 1353 958 1389 Flovent
983 1364 1080 1400 equo
1107 1354 1360 1401 instimulato⁷
1383 1365 1525 1402 equum
1556 1365 1629 1402 quo
1658 1354 1742 1390 Rex

182 1421 435 1458 invehebatur
454 1421 552 1457 ferro
574 1419 736 1467 trajecit,
761 1425 798 1454 et
817 1424 922 1466 terga
942 1418 1157 1465 sugentium
1179 1418 1346 1455 confodit
1370 1418 1438 1469 (a).

234 1486 459 1530 Marsibilla‚
496 1485 652 1521 Salatris
687 1485 805 1531 Regis
838 1484 927 1525 filia,
962 1484 1002 1519 in
1033 1483 1198 1530 speculis
1234 1484 1371 1528 stabat,
1408 1484 1524 1521 choro
1548 1485 1740 1532 virginum

183 1554 346 1602 stipata;
375 1553 547 1589 Saxones
577 1563 599 1587 a
625 1551 784 1587 Francis
812 1551 977 1597 graviter
1003 1550 1124 1598 premi
1144 1550 1261 1587 videt.
1284 1549 1522 1597 Quapropter
1540 1552 1580 1586 in
1604 1561 1741 1598 agmen

181 1620 420 1656 Francorum
453 1617 623 1665 ingentia
642 1627 733 1653 saxa
759 1617 980 1659 devolvunt,
1005 1616 1142 1663 quibus
1165 1621 1313 1662 septem
1340 1613 1390 1664 (b)
1413 1616 1559 1663 equites
1580 1617 1736 1662 periere.

181 1683 300 1727 Otun,
329 1685 411 1719 viso
432 1682 506 1719 hoc
529 1682 630 1725 dolo,
665 1682 844 1718 clamavit
876 1692 884 1716 ε
917 1681 1083 1717 Domina
1110 1681 1230 1727 virgo,
1256 1680 1466 1716 Marsibilla
1486 1680 1535 1731 (p.
1566 1678 1625 1729 76)
1655 1681 1740 1728 plus

179 1751 285 1797 justo
307 1749 533 1796 indignaris,
560 1753 596 1784 et
617 1759 685 1784 cur
710 1749 900 1795 promissa
925 1753 990 1783 tua
1009 1745 1194 1783 revocas?
1218 1757 1307 1782 nam
1327 1747 1489 1782 Flovent
1514 1746 1584 1782 hac
1611 1746 1741 1783 fraude

180 1816 320 1860 audita,
345 1818 403 1852 uti
421 1827 488 1863 par
509 1820 580 1860 est,
603 1816 798 1851 irascetur.
824 1813 1036 1860 Respondit
1055 1812 1264 1849 Marsibilla
1286 1821 1294 1850 :
1316 1812 1524 1860 Nunquam
1544 1824 1629 1849 mea
1647 1811 1740 1848 fides

181 1887 217 1919 et
237 1893 343 1918 amor
364 1881 404 1916 in
430 1892 518 1917 eum
536 1880 739 1917 vacillabit.
767 1879 815 1915 Et
834 1879 908 1915 hoc
928 1879 1028 1915 dicto
1050 1880 1089 1914 in
1115 1878 1313 1914 castellum
1336 1889 1449 1925 super
1468 1878 1585 1925 portis
1606 1880 1737 1925 situm,

180 1959 220 1984 se
242 1947 396 1994 recepit,
423 1945 524 1982 unde
555 1957 643 1982 suos
671 1947 821 1981 saucios
853 1944 1006 1988 reverti,
1037 1944 1266 1990 Patremque
1295 1945 1334 1978 in
1356 1943 1480 1979 media
1510 1943 1740 1990 fugientium

180 2013 304 2056 turba,
336 2011 505 2059 peditem
528 2022 615 2047 cum
644 2012 842 2053 Floxente,
872 2010 997 2057 ipsum
1025 2009 1162 2046 acriter
1187 2011 1408 2055 impetente,
1429 2013 1581 2044 mutuas
1609 2009 1759 2055 plagas·

178 2079 354 2121 miscere,
384 2079 594 2125 prospexit.
625 2077 780 2113 Timore
805 2076 914 2112 valde
937 2076 1138 2123 perculsa:
1166 2073 1276 2111 Ach!
1300 2086 1361 2110 me
1378 2074 1572 2118 miseram,
1594 2073 1734 2122 inquit,

180 2155 263 2192 quae
297 2143 406 2186 duos,
441 2142 537 2178 mihi
570 2143 610 2177 in
642 2146 722 2177 toto
755 2146 941 2176 terrarum
971 2140 1060 2176 orbe
1093 2151 1222 2176 amore
1255 2139 1590 2187 conjunctissimos
1620 2140 1737 2174 armis

179 2214 367 2245 certantes
393 2207 502 2243 video
512 2219 520 2250 ;
546 2218 636 2243 narn
658 2207 819 2243 Flovent
838 2217 917 2242 non
935 2206 1039 2253 prius
1066 2204 1225 2251 gradum
1253 2207 1366 2252 sistit,
1392 2216 1505 2253 quam
1532 2204 1737 2240 Parentem

178 2285 308 2311 meum
327 2274 388 2310 vel
408 2273 555 2310 occidat
574 2273 635 2308 x-el
655 2274 791 2320 capiat.

222 2424 272 2461 (a)
292 2424 323 2455 A
346 2435 352 2454 :
377 2422 478 2455 Tunc
504 2423 610 2455 etiam
634 2421 761 2453 Franci
784 2431 806 2452 M
831 2421 1045 2463 fugientium
1070 2420 1254 2453 caeciderc.
1289 2420 1341 2452 F:
1371 2420 1526 2452 Maxima
1556 2420 1734 2453 exercitus

179 2486 262 2518 pars
282 2477 375 2509 inter
400 2476 611 2518 fugiendum
642 2476 678 2506 in
702 2475 862 2507 vinetum
885 2474 1063 2516 quoddam
1083 2474 1256 2515 pervenit,
1283 2473 1379 2516 quod
1411 2476 1446 2505 et
1477 2473 1546 2505 illis
1572 2483 1644 2505 non
1667 2483 1733 2515 pa-

179 2540 258 2561 rum
284 2530 458 2562 obstaculi
481 2529 624 2561 attulit:
655 2538 738 2559 nam
762 2528 858 2559 mille
882 2528 1039 2559 virorum
1074 2527 1124 2559 ibi
1151 2527 1301 2569 pedibus
1331 2536 1504 2569 equorum
1534 2527 1734 2559 conculcati

178 2584 330 2623 periere.
354 2584 381 2614 D
405 2583 456 2614 E:
482 2587 650 2615 csctei'um
669 2592 732 2624 per
755 2585 875 2623 portas
901 2591 981 2613 cum
1005 2581 1192 2613 confestim
1214 2590 1336 2613 omncs
1363 2580 1469 2612 simul
1490 2583 1733 2621 penetrarent,

178 2640 320 2667 contum
346 2637 389 2667 ab
414 2636 579 2668 hostibus
601 2635 812 2677 urgentibus
834 2635 914 2666 caesi
935 2638 1029 2666 sunt.

221 2689 267 2726 (bt
290 2691 317 2720 A
339 2702 344 2720 :
370 2694 535 2731 quatuor.
561 2690 589 2720 D
610 2701 616 2720 :
639 2692 724 2721 tres.
749 2689 775 2719 F
794 2702 800 2719 :
824 2698 897 2720 sex.
920 2688 946 2718 1⁴*
965 2700 970 2718 2
989 2687 1116 2720 Otunis
1137 2692 1171 2720 et
1188 2688 1395 2720 Marsibillfe
1417 2687 1633 2730 colloquium
1654 2696 1734 2728 pro-

179 2743 286 2773 lixius
316 2743 502 2780 describin
527 2752 594 2775 nec
617 2752 688 2775 non
714 2741 919 2774 Marsibillae
943 2741 1233 2774 lamentationem
1263 2745 1297 2773 et
1318 2741 1494 2773 Florentae
1516 2740 1732 2777 irrisionem,

179 2795 273 2836 quod
297 2796 433 2829 scilicet
446 2796 644 2829 Marsibilla
666 2796 792 2833 virum,
819 2797 924 2836 qu'us
947 2796 1078 2827 samam
1098 2796 1214 2827 solum
1234 2794 1478 2831 inaudiverat,
1495 2793 1728 2826 admavisset.
