1881 3104
749 128 1013 168 —137—

104 242 284 279 reamini.
302 241 411 285 Quod
427 240 473 276 ad
486 252 549 275 me
567 240 717 283 attinet,
736 240 875 276 faciam
895 244 983 275 ante
1001 239 1210 275 discessum
1227 244 1415 282 nost-rum,
1435 245 1476 275 ut
1490 240 1660 277 Saxones

100 312 140 342 et
159 317 290 341 meum
319 311 355 341 et
387 306 506 340 hastae
527 316 622 340 meae
652 305 812 341 nomina
832 305 887 340 sic
905 308 1151 350 cognoscant,
1175 309 1217 338 ut
1244 314 1358 339 nemo
1386 303 1542 339 illorum
1569 305 1658 340 inde

105 370 312 406 exhilarari
332 370 466 417 possit.

159 435 323 470 Flox‘ent
345 435 613 470 Corsablinum
640 434 789 469 dimisit
817 433 996 475 liberum,
1020 444 1134 479 seque
1164 432 1205 467 in
1234 433 1486 469 Ethnicorum
1507 434 1658 468 turbam

107 499 218 535 avide
237 499 413 542 immisit,
438 500 504 535 uhi
526 500 566 534 in
585 499 732 546 Regem
754 498 949 534 Canabem
968 497 1157 539 incidens,
1182 498 1281 533 scuti
1301 498 1382 544 ejus
1406 497 1658 544 quadrantem

105 564 282 604 abscidit,
307 564 385 599 ictu
407 564 447 598 in
468 564 591 599 femur
611 576 730 610 usque
758 563 932 605 deducto,
955 562 1010 598 ita
1030 570 1072 598 ut
1096 562 1179 597 Rex
1206 556 1247 596 in
1279 567 1419 598 terram
1440 562 1655 603 devolutus,

105 628 309 663 confestim
331 628 572 664 occumberet
594 625 661 677 (el.
683 627 881 663 Floxentis
900 638 989 662 vero
1018 626 1111 662 socii
1132 625 1283 662 Otunus
1310 632 1346 661 et
1369 626 1558 662 Jofreirus
1579 627 1659 662 Do-

102 691 211 727 mino
232 703 300 728 suo
327 704 545 728 succurrere
564 692 665 727 haud
687 692 839 734 morati,
863 692 926 728 liic
954 692 995 726 in
1014 692 1161 738 Regem
1182 691 1398 733 Falsarum,
1424 691 1488 726 ille
1508 702 1595 726 xero
1617 692 1658 726 in

108 756 282 791 Cabuum
302 757 521 792 Robustum
554 756 720 799 irruunt,
747 757 812 803 qui
839 756 950 792 ambo
983 756 1092 803 equis
1124 756 1283 803 delapsi,
1313 756 1354 790 in
1378 761 1518 791 terram
1548 756 1660 802 proni

108 820 156 868 (p.
183 818 242 867 36)
268 826 506 856 corruerunt.
531 821 693 856 Flovent
727 821 808 857 haec
838 820 987 860 videns,
1021 832 1163 868 equum
1190 831 1303 867 quem
1332 820 1505 856 Canabas
1535 831 1660 867 quon-

106 883 193 920 dam
214 885 440 931 possiderat,
466 885 640 932 arripuit,
671 891 941 932 arreptumque
961 885 1125 921 Jofreiro
1146 884 1318 927 tradidit,
1343 895 1457 931 quem
1485 896 1570 920 cum
1590 884 1660 920 Jo-
1683 904 1686 906 v

106 948 242 984 freirus
272 949 519 991 ascendisset,
545 961 582 985 se
604 950 686 996 ipso
708 950 787 996 jam
810 950 980 997 vegetior
1009 949 1130 985 factus
1153 950 1226 985 sibi
1250 950 1355 985 visus
1386 954 1454 984 est.
1481 948 1660 996 Angsaeis

104 1012 284 1048 Floventi
311 1014 461 1049 hastam
492 1013 710 1050 Corsablini
731 1014 903 1056 tradidit,
925 1014 986 1050 cui
1007 1014 1206 1056 vexillum,
1228 1014 1328 1060 quod
1349 1014 1467 1060 Regis
1487 1013 1660 1049 111191111-

105 1082 217 1120 serat,
242 1078 398 1113 affixum
419 1084 487 1113 est.
508 1078 656 1114 Deinde
670 1078 872 1113 Falsarum
895 1079 1039 1125 Regem
1058 1078 1212 1114 adortus
1237 1079 1354 1125 (cujus
1376 1078 1493 1114 lorica
1513 1078 1661 1124 corpori

107 1141 340 1187 protegendo
367 1142 545 1184 suss'eeit'›‚
574 1148 652 1178 tam
681 1142 770 1178 sorti
796 1142 874 1178 ictu
902 1142 1066 1189 impetit,
1092 1148 1132 1177 ut
1164 1143 1204 1177 in
1232 1147 1371 1178 terram
1406 1143 1537 1189 procul
1564 1152 1660 1189 equo

106 1211 332 1251 prostratus,
357 1206 502 1241 casside
534 1206 575 1241 in
596 1207 714 1243 humo
744 1206 950 1249 insidente,
980 1207 1147 1242 multum
1170 1212 1376 1253 antequam
1398 1207 1495 1253 erigi
1516 1211 1656 1252 posset,

109 1269 391 1316 inquinaretur.
412 1271 577 1307 Flovent
603 1278 730 1307 autem
762 1282 858 1318 equo
884 1271 990 1306 1111115
1011 1276 1174 1317 arrepto,
1199 1270 1245 1306 ad
1265 1269 1435 1306 Otunum
1457 1270 1553 1306 dixit
1577 1282 1584 1304 ;
1608 1269 1663 1305 Mi

108 1333 222 1376 socie,
244 1334 385 1380 inquit,
410 1341 519 1370 tuum
540 1347 609 1382 ego
628 1336 840 1382 delapsum,
861 1347 972 1382 quem
992 1335 1106 1382 paulo
1128 1340 1215 1370 ante
1234 1346 1367 1381 passus
1388 1346 1440 1377 es,
1464 1334 1662 1381 aegerrime

108 1397 193 1441 tuli,
216 1398 345 1445 itaque
365 1400 468 1435 hunc
489 1399 561 1435 11111
582 1400 688 1435 trado
707 1411 862 1446 equum,
884 1411 1111 1447 generosum
1133 1405 1169 1435 et
1190 1399 1331 1434 eximia
1351 1399 1516 1445 equestri
1535 1410 1661 1434 arma-

109 1467 194 1497 tura
215 1462 406 1499 decorum.
430 1464 525 1499 Cum
558 1464 709 1500 Otunus
731 1476 872 1511 equum
895 1464 1126 1500 ascendisset
1147 1461 1200 1513 ff)
1225 1464 1365 1499 Franci
1386 1463 1575 1510 extemplo
1597 1474 1660 1499 ac·-

107 1533 314 1563 eessernnt.
342 1528 482 1564 Videre
512 1535 593 1564 tum
628 1529 737 1565 licuit
770 1534 969 1565 strenuum
1002 1529 1172 1564 militum
1207 1540 1447 1570 concursum,
1472 1527 1661 1575 permulta

107 1590 304 1626 hastarum
331 1593 535 1628 manubria
565 1593 770 1635 confracta,
801 1599 837 1628 et
865 1593 1008 1629 multos
1035 1594 1182 1639 equites
1211 1593 1320 1628 humi
1347 1598 1572 1639 prostratos;
1596 1591 1659 1626 in-

105 1666 198 1701 gens
219 1656 335 1691 etiam
357 1658 537 1692 tubarum
558 1658 714 1704 clangor
735 1657 889 1693 auditus
910 1663 978 1692 est.
997 1658 1161 1693 Strinxit
1181 1664 1311 1703 postea
1330 1657 1492 1692 Floxent
1512 1667 1657 1697 ensem,

106 1724 144 1754 et
163 1719 204 1754 in
222 1720 390 1756 mediam
416 1721 612 1756 Saxonum
643 1721 764 1757 aciem
791 1723 994 1757 immemor
1018 1722 1077 1757 sui
1104 1733 1143 1757 se
1171 1721 1348 1764 immisit,
1372 1721 1413 1756 in
1433 1732 1508 1767 qua
1529 1730 1656 1761 nemo,

106 1783 167 1818 cui
188 1796 291 1819 mors
312 1796 389 1820 non
412 1785 646 1828 immineret,
672 1786 730 1820 illi
751 1786 927 1821 occurrit.

157 1847 309 1886 Otunus
340 1856 375 1884 et
402 1849 588 1886 ,lofreirus
617 1851 771 1885 strenue
800 1856 1015 1897 pugnantes
1052 1851 1349 1897 antesignanum
1377 1862 1489 1884 suum
1523 1860 1659 1896 seque-

105 1912 256 1948 bantur.
282 1913 452 1949 Saxones
473 1914 650 1961 quamvis
674 1914 924 1950 fortissimam
950 1914 1105 1950 ederent
1123 1926 1307 1962 pugnam,
1332 1914 1509 1950 Floventi
1530 1919 1660 1949 tamen

103 1977 234 2012 cedere
255 1978 377 2013 coacti
398 1984 487 2014 sunt
507 1991 514 2013 z
536 1979 755 2025 quicunque
777 1979 881 2014 enim
902 1979 943 2014 in
965 1979 1076 2014 illum
1097 1979 1330 2021 occurrebat,
1357 1979 1486 2013 statim
1508 1977 1655 2014 cecidit.

67 2054 75 2062 “
103 2041 215 2077 Multi
237 2042 387 2077 funesta
418 2043 488 2079 hac
517 2048 642 2090 strage
672 2044 878 2090 perterriti,
904 2044 1031 2091 fugam
1063 2044 1233 2092 moli-(p.
1261 2042 1519 2090 37)·9113111111,
1544 2043 1597 2078 ita
1618 2049 1659 2077 111,

104 2117 246 2153 magna
266 2107 361 2142 aciei
385 2118 472 2153 pars
491 2119 612 2144 vacua
630 2112 741 2143 esset.
760 2108 997 2144 Francorum
1019 2108 1101 2144 Rex
1121 2108 1294 2149 Florens,
1313 2107 1494 2153 illiusque
1514 2107 1658 2141 milites

105 2171 258 2205 strenue
279 2177 514 2217 pugnarunt,
541 2172 704 2207 Flox'ent
724 2177 854 2208 tamen
882 2184 945 2208 eos
974 2172 1112 2208 bellica
1134 2172 1275 2208 virtute
1301 2171 1531 2217 conspicuus
1551 2171 1659 2206 mille

105 2235 305 2281 praecurrit
334 2235 571 2282 parasangis.
602 2237 702 2271 Tum
727 2236 868 2272 Franci
900 2237 1136 2273 exclamant:
1166 2237 1352 2283 insignes,
1377 2235 1544 2271 Domine
1575 2235 1658 2270 Ma-

105 2300 258 2335 homete
280 2297 352 2349 (9
377 2300 479 2335 viros
502 2300 672 2336 hostium
703 2301 898 2336 Saxonum
927 2301 1146 2348 superbiam
1172 2300 1414 2348 depressuros
1444 2301 1555 2337 nobis
1583 2301 1658 2336 1111-

105 2364 190 2401 sisti
211 2362 286 2414 (lis).

146 2497 185 2536 (e)
207 2498 238 2528 A
260 2496 288 2527 D
314 2497 338 2527 Ε
363 2501 397 2529 et
416 2497 441 2528 F
457 2499 576 2528 tacent
598 2497 640 2529 de
664 2501 776 2529 morte
797 2497 916 2539 Regis.

144 2548 187 2590 (s)
208 2551 237 2580 A
258 2548 378 2581 addit:
394 2550 571 2581 Josreirus
591 2559 674 2581 vero
694 2550 905 2582 Boas-anum
926 2551 976 2592 [F.
1000 2551 1174 2593 Baudam]
1191 2552 1252 2593 qui
1276 2554 1352 2583 erat
1372 2561 1485 2593 equus
1504 2551 1657 2583 velocis-

103 2602 216 2633 simus
239 2602 463 2639 conscendi&
492 2602 548 2640 (de,
573 2602 728 2634 Canabis
746 2613 836 2645 equo
858 2606 966 2644 tacet)
991 2603 1035 2635 ad
1058 2613 1147 2645 quos
1171 2603 1298 2635 Franci
1319 2613 1422 2646 opem
1443 2604 1569 2641 laturi,
1589 2607 1657 2636 etc.

143 2655 189 2696 (9)
209 2655 240 2686 A
261 2654 388 2687 habet:
411 2655 599 2696 Terogant.

144 2706 190 2747 (h)
213 2707 239 2738 Ε
261 2711 295 2740 et
324 2708 350 2738 F
370 2707 495 2740 addit.-
523 2712 557 2740 et
588 2709 648 2740 alii
667 2709 755 2741 alios
773 2710 952 2742 adhortati
976 2710 1168 2752 plusquam
1189 2720 1219 2742 0.
1242 2710 1422 2742 Saxonum
1446 2714 1657 2752 proruentes

104 2759 322 2800 deJecernnt‚
342 2761 390 2792 ita
412 2763 451 2792 ut
470 2769 593 2793 eorum
617 2761 712 2794 acies
732 2762 934 2795 inclinaret.
