1881 3104
851 178 901 183 -
942 154 1023 195 470
1059 180 1110 185 -

207 261 363 297 tismum
384 263 560 303 initiavit.
582 265 664 308 Quo
683 266 780 303 facto
801 267 964 304 Flovent
993 269 1137 305 lautum
1173 270 1210 304 in
1232 270 1324 306 urbe
1346 269 1496 306 Lutetia
1517 271 1751 309 Parisiorum

205 327 359 373 parabat
380 330 610 374 convivium,
635 332 673 367 in
693 343 766 380 quo
783 334 905 379 palam
925 335 1196 381 pronmlfravit,
1222 335 1321 382 quod
1343 347 1476 372 omnes
1494 340 1600 383 regni
1622 338 1760 374 incolze

203 392 432 440 baptismum
455 396 676 442 reciperent,
701 403 738 433 et
756 398 905 435 Christo
927 401 997 435 soli
1019 401 1174 436 nomina
1193 400 1339 447 darent,
1364 402 1493 448 ejectis
1514 408 1550 437 et
1571 401 1758 437 execratis

202 460 380 495 omnibus
414 460 539 498 idolis.
565 461 712 498 Deinde
738 470 968 500 conventum
999 465 1142 508 habuit,
1166 465 1229 500 ubi
1250 476 1383 501 omnes
1422 467 1527 513 regni
1560 466 1761 513 optimates

203 535 291 560 cum
317 525 455 572 populo
486 529 702 575 congregati
734 529 880 576 Regem
914 530 1020 566 illum
1053 531 1329 579 salutaverunt,
1363 533 1424 568 cui
1455 531 1620 568 debitam
1654 531 1761 567 obse-

205 591 399 636 quentiam
415 592 657 642 jurejerando
674 595 963 642 pollicebantur.

869 949 959 985 CAP.
991 949 1084 986 XX.

200 1073 233 1108 F
236 1073 354 1106 levent
387 1076 591 1118 susceptam
623 1075 664 1109 in
694 1075 851 1111 Francia
882 1085 1008 1110 veram
1036 1076 1248 1120 retiqionem
1280 1075 1430 1111 stabilit.
1458 1075 1588 1112 Postea
1618 1068 1768 1107 Romczm'

255 1153 339 1177 cum
369 1145 527 1178 exercitu
554 1146 754 1189 profectus,
779 1145 911 1181 Caesari
931 1146 1169 1182 Constantino
1197 1149 1325 1181 contra
1345 1147 1472 1189 Reqem
1493 1144 1768 1190 Hispaniarum

251 1214 467 1258 opitulatur.
491 1216 607 1250 Romae
626 1227 646 1250 a
667 1216 766 1261 Papa
787 1218 858 1252 Rea:
877 1221 1038 1253 creatur.
1063 1217 1186 1253 Rectum
1208 1218 1320 1252 socios
1344 1216 1498 1251 Otunem
1525 1218 1556 1250 ct
1573 1215 1766 1259 Jofreirem

251 1287 373 1330 reginis
393 1289 424 1320 et
443 1288 635 1322 connubiis
659 1288 751 1334 beat,
772 1291 804 1323 et
823 1291 1005 1334 postremo
1029 1289 1178 1324 tandem
1200 1288 1343 1335 placid&
1368 1289 1548 1329 mortuus,
1570 1286 1765 1328 honorifici²

246 1359 431 1402 sepelitur.

250 1498 401 1535 Deinde
423 1499 661 1537 celebrantur
680 1503 822 1548 nuptiae
848 1502 1045 1538 Floventis
1067 1508 1103 1538 et
1124 1502 1343 1538 Marsibillae
1372 1501 1474 1537 laute
1494 1499 1700 1536 admodum
1727 1505 1764 1535 et

196 1565 299 1610 regia
321 1575 414 1600 cum
444 1566 741 1612 magnificentia,
765 1567 988 1614 duravitque
1020 1567 1256 1614 convivium³
1279 1573 1393 1614 prout
1412 1577 1495 1602 mos
1526 1567 1658 1612 patriae
1680 1566 1762 1600 exi-

199 1629 324 1675 gebat.
346 1630 538 1666 Confectis
560 1642 648 1668 vero
670 1633 826 1679 nuptiis,
854 1632 937 1668 Rex
959 1631 1006 1682 (p.
1033 1630 1096 1673 88²,
1119 1632 1284 1668 Salatres
1304 1632 1472 1667 maximo
1492 1642 1579 1667 cum
1599 1630 1759 1673 honore,

199 1706 312 1742 quem
333 1695 495 1732 Flovent
516 1697 549 1732 ei
570 1697 702 1733 habuit
722 1700 762 1733 in
781 1709 941 1744 regnum
969 1709 1081 1733 suum
1101 1697 1307 1733 Saxoniam
1328 1697 1546 1732 dimittitur.

252 1760 417 1797 Flovent
436 1773 570 1798 omnes
592 1774 657 1809 per
684 1768 802 1799 totam
821 1763 1024 1799 Franciam
1044 1762 1090 1798 ad
1119 1774 1250 1798 verum
1277 1762 1454 1809 Supremi
1473 1761 1657 1798 Numinis
1680 1761 1761 1796 cul-

202 1831 282 1861 tum
313 1829 515 1868 convertit,
554 1828 695 1874 templa
722 1827 949 1863 exstruenda
980 1827 1125 1864 curavit
1157 1833 1193 1862 et
1226 1834 1382 1863 ornatus
1421 1825 1578 1868 addidit,
1612 1836 1762 1861 necnon

200 1891 362 1926 aliorum
383 1891 551 1926 Deorum
581 1892 748 1928 delubris
769 1892 971 1928 destructis
992 1898 1057 1928 aut
1077 1895 1117 1928 in
1143 1892 1282 1939 templo
1301 1893 1533 1928 consecratis
1553 1901 1682 1927 veram
1702 1901 1763 1926 re-

200 1955 383 2002 ligionem
404 1957 583 1992 omnibus
603 1957 824 2004 propagavit
841 1958 1000 1993 viribus.

252 2022 390 2057 Postea
410 2021 508 2069 Regi
533 2022 709 2059 Floventi
729 2025 954 2058 nunciatum
986 2028 1042 2058 est
1073 2023 1206 2059 urbem
1230 2023 1395 2059 Romam
1424 2026 1472 2071 (a.)
1496 2023 1540 2057 ab
1572 2020 1761 2059 Amirallo

200 2085 396 2131 Hispaniae
415 2096 514 2132 rege,
541 2097 627 2122 cum
661 2088 863 2122 innumero
885 2086 1137 2122 Ethnicorum
1169 2087 1336 2123 exercitu
1357 2087 1551 2122 obsessam
1573 2099 1670 2132 esse,
1694 2099 1762 2124 nec

201 2162 278 2187 non
300 2150 594 2187 Constantinum
618 2151 905 2198 Imperatorem,
930 2152 1062 2187 multis
1088 2152 1227 2198 praeliis
1259 2163 1346 2187 eum
1377 2162 1420 2187 eo
1454 2153 1583 2197 gestis,
1604 2153 1762 2189 inferio-

201 2227 280 2252 rem
316 2219 490 2259 cessisse,
515 2222 552 2252 et
580 2217 734 2263 pulsum
767 2217 930 2265 denique
962 2219 1003 2253 iu
1032 2217 1164 2252 urbem
1195 2217 1425 2263 confugisse.
1451 2217 1616 2263 Propere
1648 2219 1762 2264 igitur

202 2283 410 2317 exercitum
438 2282 478 2316 in
510 2280 673 2317 Francia
708 2282 898 2318 contraxit
930 2287 967 2318 et
997 2282 1162 2318 Romam
1197 2282 1332 2318 tendit.
1356 2281 1487 2317 Castra
1521 2293 1610 2318 vero
1644 2282 1760 2329 Regis

201 2347 395 2393 Hispaniae
428 2346 670 2393 conspicatus
703 2348 903 2383 classicum
939 2348 1041 2383 canit
1063 2347 1130 2397 (b),
1155 2354 1192 2384 et
1219 2359 1307 2383 mox
1328 2347 1477 2383 crudele
1510 2348 1761 2384 committitur

201 2412 389 2459 praelium.
423 2411 497 2447 Sed
533 2423 648 2459 quam
681 2413 846 2460 primum
878 2413 1104 2460 Imperatori
1148 2414 1234 2449 vere
1270 2413 1523 2457 constitisset,
1559 2412 1759 2448 auxiliares

203 2475 402 2512 advenisse
429 2476 572 2524 copias,
596 2477 714 2523 portis
735 2478 912 2524 erumpit,
944 2485 981 2514 et
1001 2478 1150 2514 hostem
1176 2489 1262 2514 cum
1284 2480 1363 2513 suis
1384 2479 1498 2513 etiam
1528 2477 1755 2524 aggreditur.

203 2540 313 2576 Unde
341 2542 463 2588 major
485 2541 654 2578 hostium
685 2548 828 2589 strages
857 2543 1038 2579 cernitur.
1057 2543 1220 2579 Florent
1253 2543 1323 2579 hoc
1348 2541 1494 2590 praeli0‚
1520 2542 1619 2578 haud
1651 2553 1759 2578 secus

245 2701 295 2741 (a)
314 2701 344 2732 A
363 2701 392 2732 D
412 2715 417 2732 :
446 2701 616 2734 Ethnicos
636 2701 840 2734 Romanum
867 2702 1055 2744 imperium
1080 2702 1266 2734 invasisse.

246 2753 293 2791 (b)
314 2755 343 2785 A
362 2756 414 2786 D:
441 2755 668 2797 urbanosque
683 2755 747 2797 (Dz
769 2765 905 2793 omnes,
929 2756 989 2797 qui
1007 2756 1115 2788 armis
1136 2756 1318 2797 gestandis
1342 2756 1459 2788 idonei
1484 2757 1593 2791 crant}
1621 2757 1757 2791 evocat,

203 2806 372 2844 clamans,
403 2813 592 2849 cognatum
617 2809 767 2841 Caesaris
788 2809 920 2841 auxilio
945 2810 1081 2841 adesse.
