1881 3104
754 387 842 424 CAP.
874 387 928 422 X.

69 535 140 568 Rex
180 534 408 568 Francorum
440 542 604 567 suinmas
638 532 798 566 Floventi
833 531 1010 575 honores,
1052 533 1216 576 reqiones
1253 533 1389 577 aliquot
1423 537 1454 568 et
1492 537 1628 571 milites

663 603 850 646 donando,
883 603 1037 637 exhibet.

122 763 206 798 Rex
226 762 460 797 Francorum
483 762 642 797 Florens
661 761 804 808 legatos
824 761 870 796 ad
890 761 1074 797 Proceros
1096 773 1185 798 suos
1206 767 1244 798 et
1261 768 1461 809 magnates
1489 766 1619 814 mittit,

68 838 163 874 quos
195 838 329 862 omnes
354 827 396 861 in·
423 837 545 861 unum
570 831 833 872 congregatos,
855 826 938 861 Rex
966 827 1031 861 tali
1057 826 1170 862 modo
1197 827 1384 863 allocutus
1415 839 1423 863 :
1454 829 1624 867 Consilia

68 897 204 935 vestra,
228 890 366 937 inquit.
390 891 520 926 Amici
538 890 628 932 mei,
653 896 786 936 expeto
811 901 818 925 :
843 890 957 925 Hunc
977 892 1157 937 equitem,
1185 891 1285 927 bello
1302 893 1399 939 pene
1421 895 1621 939 invictum,

67 968 180 1004 quern
200 955 246 991 ad
266 966 336 991 nos
356 956 561 991 accessisse
584 954 760 1003 nemi-(p.
788 952 960 1002 45)-11Θ111
981 955 1089 1001 fugit,
1113 956 1329 1001 insignibus
1350 957 1540 994 honorum
1560 971 1626 995 or-

66 1032 157 1057 nare
177 1032 223 1056 ex
245 1020 431 1066 pro-nisso
457 1019 620 1063 decrevi,
644 1019 682 1054 id
702 1021 734 1054 si
756 1019 943 1055 voluntati
962 1025 1097 1055 vestrae
1118 1027 1421 1057 consentaneum
1442 1025 1504 1066 sit,
1527 1035 1620 1070 pro-

67 1087 185 1121 misso
207 1086 335 1120 statim
354 1083 599 1120 satisfaciam.
620 1083 718 1129 Regi
736 1083 1013 1130 responderunt
1030 1084 1232 1130 Purpurati
1256 1094 1264 1120 :
1283 1085 1473 1122 Voluntas
1492 1096 1624 1125 nostra

66 1154 137 1195 est,
159 1158 202 1184 ut
221 1149 245 1184 fi
262 1158 334 1184 ¹›en1
356 1155 461 1184 tuam
482 1148 578 1183 tanti
600 1150 769 1184 nominis
794 1149 874 1184 viro
892 1159 1018 1184 serves
1034 1162 1041 1191 ;
1058 1150 1118 1184 sin
1137 1149 1246 1185 aliter
1264 1150 1412 1192 feceris,
1436 1152 1622 1189 voluntati

66 1221 206 1250 nostrae
226 1214 451 1256 adversaris,
476 1213 584 1260 cujus
606 1219 642 1249 te
663 1215 702 1248 in
722 1219 916 1260 posterum
936 1215 995 1249 vel
1022 1215 1187 1250 maxime
1210 1216 1423 1261 poenitebit.
1448 1216 1520 1253 His
1541 1219 1620 1255 dic-

65 1281 113 1315 tis
144 1280 226 1315 Rex
254 1279 300 1314 ad
328 1279 554 1314 Floventem
580 1279 831 1314 Sambathum
857 1284 896 1315 et
919 1279 1176 1326 Espanuelem
1205 1277 1266 1330 (a)
1292 1283 1523 1327 amandavit,
1557 1287 1621 1332 qui

67 1354 154 1379 eum
179 1345 336 1379 nomine
361 1343 479 1389 Regis
506 1344 666 1379 comiter
683 1343 922 1390 benigneque
945 1345 1171 1391 salutarunt,
1199 1346 1380 1391 rogaturi,
1404 1352 1446 1381 ut
1469 1348 1515 1383 ad
1540 1350 1619 1386 Re-

66 1419 165 1454 gem,
188 1408 386 1454 promissis
414 1407 494 1442 suis
520 1408 816 1451 satisfacturum,
840 1407 1018 1443 accedere
1042 1409 1169 1445 vellet.
1192 1409 1300 1444 Tunc
1321 1410 1482 1446 Flovent
1504 1413 1622 1459 largi-

66 1478 181 1509 tatem
202 1484 310 1508 suam
331 1477 566 1515 ostensurus,
584 1472 771 1508 Caesarem
791 1472 1100 1515 Constantinum,
1120 1480 1325 1520 cognatum
1346 1486 1472 1517 suum,
1496 1478 1621 1515 indole

65 1537 362 1584 repraesentavit.
390 1537 492 1572 Nam
527 1538 663 1584 cuique
690 1537 842 1573 illorum
870 1538 1028 1585 byssina
1057 1539 1286 1574 vestimenta
1313 1548 1350 1574 et
1381 1541 1623 1589 chlamydem

64 1602 166 1638 dedit
184 1601 234 1651 (b)
260 1601 430 1649 dixitque
462 1613 469 1637 :
496 1601 553 1638 Ite
579 1607 615 1638 et
643 1602 740 1648 Regi
765 1608 890 1638 vestro
918 1613 978 1638 me
1005 1605 1087 1639 sine
1109 1614 1216 1639 mora
1237 1603 1491 1641 adventui-um
1515 1619 1618 1643 nun-

63 1669 168 1705 tiate.
191 1668 317 1704 Hosce
336 1667 552 1711 redeuntes,
574 1668 636 1703 ubi
663 1668 829 1703 Flovent
849 1675 962 1711 esset,
986 1669 1069 1704 Rex
1089 1671 1311 1715 interrogat,
1337 1675 1402 1704 aut
1423 1671 1507 1715 quis
1542 1675 1620 1705 tam

62 1734 238 1779 pretiosis
267 1743 334 1768 vos
364 1732 534 1767 vestibus
563 1732 744 1768 donabit?
768 1733 822 1767 illi
848 1732 1076 1768 Floventem
1103 1733 1306 1769 confestim
1334 1735 1479 1777 venire,
1504 1738 1618 1781 atque

62 1798 200 1833 talibus
221 1809 261 1833 se
287 1808 443 1833 ornasse
466 1797 635 1832 vestibus
665 1797 855 1833 dixerunt.
881 1796 989 1840 Quod
1011 1798 1075 1833 ubi
1095 1799 1244 1834 coeteris
1265 1799 1411 1834 civibus
1433 1800 1616 1841 innotuit,

62 1873 262 1909 nunquam
282 1863 458 1898 Floventi
481 1873 697 1909 comparem
723 1863 811 1898 illuc
832 1864 956 1898 virum
977 1863 1177 1898 advenisse
1193 1863 1458 1910 proclamavit,
1487 1872 1524 1899 et
1543 1875 1620 1900 no-

63 1927 130 1963 bili
149 1928 232 1963 loco
252 1934 387 1963 natum
407 1938 490 1963 esse
510 1927 619 1963 factis
640 1930 720 1963 suis
742 1939 891 1974 semper
911 1928 1156 1975 comprobare
1178 1927 1242 1977 (c).

113 1992 273 2028 Hermet
290 1998 370 2028 erat
390 1993 486 2028 bene
504 1993 748 2039 pecuniosus,
774 1993 958 2037 honestus
977 2000 1013 2028 et
1036 1994 1204 2040 elegans,
1229 1996 1294 2040 qui
1314 1993 1543 2029 Floventem
1564 1995 1618 2028 sic

62 2057 268 2104 alloquitur
292 2069 299 2092 2
322 2056 386 2092 Ad
409 2063 458 2102 te,
481 2059 620 2104 inquit,
643 2060 779 2101 amice,
804 2059 948 2105 legatos
969 2058 1082 2094 hodie
1101 2059 1185 2095 Rex
1201 2063 1333 2094 noster
1350 2058 1474 2100 misit,
1499 2059 1562 2105 qui
1583 2065 1621 2094 et

59 2122 202 2157 multos
223 2126 260 2156 et
286 2122 406 2158 bonos
429 2124 546 2168 viros,
567 2124 743 2170 pretiosis
765 2124 962 2160 decoratos
982 2124 1167 2167 vestibus,
1190 2124 1304 2160 hodi'e
1326 2135 1455 2159 secum
1486 2124 1615 2165 habet,

60 2187 186 2233 itaque
199 2187 462 2234 unusquisque
479 2188 611 2223 sannis
628 2189 815 2237 sibiloque
831 2190 1046 2236 exponitur,
1066 2191 1131 2237 qui
1150 2189 1311 2226 sordidis
1322 2188 1478 2224 indutus
1496 2188 1619 2223 vesti-

60 2250 200 2286 mentis
222 2251 273 2286 ibi
290 2248 342 2301 (p.
359 2250 419 2300 46)
443 2258 608 2299 apparet,
633 2254 733 2300 quod
753 2255 850 2300 aegre
867 2254 1018 2298 ferrem,
1044 2255 1075 2290 si
1096 2255 1161 2290 tibi
1178 2254 1366 2296 eveniret;
1382 2254 1422 2289 in
1437 2254 1617 2289 conclave

62 2314 180 2361 igitur
198 2326 326 2350 meum
346 2327 499 2352 mecum
517 2320 692 2353 ascende.
714 2317 796 2362 Quo
818 2329 904 2354 cum
925 2320 1113 2364 venirent,
1136 2319 1305 2354 vestibus
1326 2330 1415 2354 eum
1439 2318 1616 2362 exuebat,

62 2379 200 2427 quippe
220 2391 304 2427 quae
324 2381 444 2416 hastis
469 2380 638 2429 undique
665 2388 773 2417 erant
792 2382 989 2428 perforatae
1020 2388 1058 2418 et
1075 2383 1262 2419 laceratae.
1286 2382 1434 2418 Deinde
1455 2382 1617 2418 Hermet

105 2564 153 2603 (a)
174 2563 226 2594 B:
252 2564 417 2601 Sinabat;
441 2565 470 2597 D
491 2579 497 2596 :
523 2566 668 2599 Sinabel
689 2570 722 2599 et
745 2568 916 2604 Assabel;
941 2568 966 2599 F
990 2580 996 2599 :
1023 2568 1169 2600 Finabcl
1193 2572 1227 2599 et
1246 2568 1434 2609 Espanacl.

103 2621 145 2663 (b)
168 2621 195 2653 F
217 2621 319 2654 addit
342 2633 352 2654 .·
377 2627 411 2655 et
435 2634 482 2655 xx
504 2624 620 2665 pondo
641 2626 793 2667 argenti.

103 2685 144 2717 (c)
172 2682 222 2713 A:
251 2682 475 2724 suadentque
497 2683 587 2725 Regi
609 2687 649 2715 ut
670 2684 780 2716 filiam
803 2694 905 2718 suam
933 2686 985 2718 illi
1008 2686 1138 2727 nuptui
1160 2686 1244 2717 dare
1267 2686 1362 2720 velit,
1391 2685 1475 2727 quia
1498 2687 1616 2718 nemi-

59 2742 142 2766 nen]
165 2736 451 2776 praestantiorem
473 2736 641 2768 maritum
660 2736 737 2769 dari
758 2747 875 2779 posse,
899 2739 960 2780 qui
984 2747 1061 2771 eam
1084 2748 1232 2770 uxorem
1256 2739 1329 2770 sore
1353 2738 1471 2770 ducat.
