1881 3104
719 119 772 125 -
809 96 888 136 127
923 120 980 124 «-

68 213 125 244 tes
146 219 279 244 omnes
311 207 626 255 depopulabatur.
650 209 749 243 Tum
777 208 882 244 Otun
917 220 924 243 :
960 207 1144 248 Videsne,
1175 208 1317 255 inquit,
1341 209 1508 246 Domine
1535 212 1624 248 Flo-

69 278 173 315 vent,
198 272 411 315 castellum,
436 273 504 308 ubi
536 284 606 309 nos
634 273 900 321 prandendum
931 284 1080 309 censeo.
1105 272 1205 309 Illuc
1233 273 1364 320 itaque
1397 281 1532 312 euntes
1563 278 1625 314 do-

69 349 176 373 mum
197 337 390 384 quondam
409 337 484 374 sibi
504 338 759 375 diversorium
779 339 978 386 elegerunt
997 351 1006 373 ;
1031 343 1069 374 at
1087 338 1111 373 J
1115 338 1276 374 ofreirus
1295 339 1460 384 pecunia
1479 340 1626 377 victum

71 401 178 438 emit.

121 466 268 502 Verum
297 466 461 503 Flovent
492 468 718 504 suasionum
746 467 928 503 Eremitae
954 467 1228 514 negligentior,
1251 478 1290 502 se
1316 471 1354 502 et
1370 467 1500 503 cibum
1518 469 1627 515 signo

71 531 193 568 crucis
213 532 394 567 munivit.
427 532 471 568 Id
499 533 795 569 castellanorum
828 532 984 580 quidam
1013 530 1071 580 (h)
1103 532 1360 578 conspicatus,
1385 532 1627 569 Christianos

70 606 152 630 esse
181 596 378 643 cognovit,
399 597 688 645 Fabrinumque
709 597 864 644 repente
884 596 979 632 adiit
1003 609 1009 631 :
1032 594 1086 647 (i)
1106 596 1286 637 Domine,
1311 594 1508 642 inquiens,
1541 607 1626 631 ma-

70 670 185 705 gnam
203 658 317 695 hodie
338 660 517 707 accepisti
542 661 823 708 ignominiam;
848 671 938 695 nam
953 671 1021 696 cu-
1037 663 1085 705 (p.
1102 660 1162 705 21)
1178 659 1326 695 -stodes
1347 659 1404 694 tui
1422 665 1458 695 et
1474 660 1628 696 viarum

70 724 245 759 omnium
267 725 505 760 excubitores
527 725 643 761 occisi
664 730 753 761 sunt
788 736 796 760 2
830 725 905 761 huc
926 725 1029 760 enim
1050 730 1125 760 tres
1154 724 1365 760 Christiani
1388 725 1535 771 equites
1558 725 1627 760 ad-

70 799 221 830 venere,
244 799 350 824 arma
368 795 582 826 nostratum
603 790 716 837 (quod
737 789 914 837 cognovi)
935 794 1145 836 portantes.

121 852 193 887 His
208 853 321 888 dictis
341 852 583 888 inconditum
602 858 638 888 et
652 859 798 889 trucem
815 854 1021 889 clamorem
1037 853 1224 888 sustulere
1239 852 1410 895 Ethnici,
1426 852 1598 889 dicentes
1616 867 1623 889 z

67 916 229 952 Praestat
255 917 382 952 subito
409 928 516 952 arma
535 928 681 963 capere,
715 928 856 964 eosque
880 917 1086 953 trucidare.
1111 917 1303 952 Fabrinus
1337 917 1453 952 etiam
1485 929 1627 964 equum

69 987 106 1017 et
134 992 287 1017 omnem
321 986 556 1017 armaturam
577 981 651 1017 sibi
672 981 818 1017 adferre
847 982 1004 1017 mandat
1024 995 1030 1024 ;
1056 981 1156 1028 quod
1179 987 1220 1016 ut
1241 981 1385 1017 factum
1407 988 1477 1025 est,
1500 994 1627 1018 arma-

69 1051 131 1081 tus
152 1057 294 1093 equum
313 1045 498 1089 ascendit,
522 1050 559 1081 et
578 1046 625 1081 ad
643 1045 897 1082 diversorium
919 1046 1119 1082 Floventis
1140 1057 1227 1082 cum
1261 1051 1415 1081 centum
1436 1047 1536 1082 male
1571 1046 1627 1083 fe-

70 1110 178 1146 riatis
196 1110 389 1146 militibus
414 1111 595 1157 perrexit.

122 1176 231 1211 Tunc
250 1175 415 1212 Flovent
434 1188 574 1223 magno
608 1177 769 1223 strepitu
799 1182 904 1212 extra
932 1177 1088 1212 domum
1117 1176 1261 1218 audito,
1297 1176 1623 1222 circumspiciens,

70 1247 258 1279 armatam
278 1242 473 1278 cohortem
505 1242 550 1277 ad
572 1242 826 1278 diversorium
848 1242 1069 1277 tendentem
1088 1242 1185 1276 vidit
1208 1254 1216 1276 ε
1241 1241 1490 1288 quamobrem
1523 1253 1628 1277 arma

66 1313 104 1343 et
124 1306 297 1354 gladium
317 1306 495 1342 Jovisum
517 1318 632 1353 quam
652 1306 840 1353 ocyssime
857 1306 1031 1353 arripuit.
1056 1305 1220 1340 Interim
1241 1305 1401 1341 Fabriui
1421 1307 1566 1342 milites
1587 1307 1628 1341 in

66 1371 223 1408 domum
243 1372 446 1413 irruentes,
470 1371 730 1407 vociferarunt
752 1371 801 1406 :J
805 1382 879 1413 am,
904 1362 1077 1417 improbe
1097 1370 1228 1414 homo,
1253 1376 1318 1405 tua
1336 1370 1520 1406 accelerat
1534 1371 1628 1406 hora

68 1437 157 1472 vitae
179 1435 404 1471 novissima.
428 1434 483 1471 At
511 1435 674 1470 Flovent
709 1448 718 1470 z
751 1436 967 1481 Permagno
987 1434 1098 1469 robis
1119 1433 1323 1470 constabit.
1349 1433 1487 1469 Gladio
1508 1434 1629 1481 igitur

69 1514 88 1537 e
108 1502 252 1548 vagina
273 1500 422 1543 educto,
445 1500 618 1542 Ethnici,
643 1500 708 1546 qui
726 1500 897 1546 proxime
918 1499 1105 1540 adstabat,
1130 1504 1244 1545 caput
1264 1498 1458 1545 galeatum
1477 1505 1513 1534 et
1543 1511 1627 1536 cor-

67 1578 138 1613 pus
158 1565 301 1612 triplici
322 1565 440 1600 lorica
460 1564 655 1600 munitum
676 1575 742 1611 per
766 1564 939 1600 medium
960 1563 1112 1599 diffidit.
1137 1563 1294 1598 Ethnici
1315 1563 1385 1598 hae
1406 1575 1497 1599 nece
1519 1575 1630 1600 com-—

66 1631 198 1673 missa,
224 1642 310 1666 611111
332 1634 543 1671 cernerent,
566 1628 667 1676 quod
699 1630 764 1665 hic
795 1640 908 1671 unus,
933 1629 1023 1663 inde
1056 1628 1163 1670 alter,
1193 1639 1282 1663 111οΧ
1303 1627 1430 1674 plures
1451 1628 1626 1664 1111116111-

65 1700 211 1737 rentur,
243 1699 349 1729 metu
386 1693 552 1740 perculsi
588 1699 626 1729 et
669 1694 748 1729 suis
790 1693 938 1728 viribus
973 1693 1090 1728 diffisi
1108 1722 1115 1733 ,
1153 1692 1245 1728 foris
1284 1691 1467 1726 dimicare
1506 1690 1626 1725 satius

67 1760 273 1795 duxerunt.
293 1758 534 1794 Exeuntibus
563 1770 652 1805 ergo
672 1758 849 1805 pluribus
869 1758 1029 1793 Fabrini
1049 1758 1256 1799 militibus,
1280 1756 1444 1791 Floveiit
1469 1756 1626 1802 ejusque

67 1825 174 1867 socii,
195 1823 287 1859 dum
309 1834 346 1858 se
369 1823 500 1865 armis,
524 1828 561 1858 et
587 1833 705 1869 equos
730 1823 869 1869 raptim
894 1823 1144 1865 instruerent,
1169 1822 1218 1871 (p.
1244 1822 1308 1866 2⁴2)
1329 1821 1476 1857 foribus
1496 1832 1624 1867 pessu-

67 1891 148 1925 lum
169 1889 410 1925 obdiderunt.

119 1955 259 1990 Denuo
280 1953 434 1989 Ethnici
456 1953 612 1989 domum
641 1953 842 1995 invadunt,
867 1964 944 1989 11011
978 1953 1061 1988 sine
1093 1952 1239 1999 insigni
1270 1951 1506 1988 contumelia
1528 1950 1626 1985 inter

66 2031 106 2056 se
125 2019 293 2055 invicem
315 2019 575 2066 objurgantes,
600 2018 700 2065 quod
717 2023 793 2054 tres
819 2018 891 2054 viri
912 2023 1065 2053 tantum
1094 2017 1173 2052 illis
1194 2017 1341 2064 negotii
1361 2016 1591 2051 facesserent
1615 2028 1622 2050 z

66 2085 136 2120 hac
158 2083 404 2120 contentione
429 2082 633 2118 frementes
666 2082 764 2118 fores
799 2083 882 2118 sine
912 2093 1021 2117 mora
1050 2081 1273 2128 effringunt,
1301 2081 1465 2116 Florem
1498 2085 1626 2114 autem

66 2149 179 2185 domo
200 2148 326 2191 cessit,
348 2158 445 2194 equo
477 2153 622 2190 rectus,
645 2148 752 2194 cujus
775 2153 887 2194 caput
912 2151 1047 2182 contra
1078 2145 1249 2181 hostium
1281 2139 1393 2180 ictus¹
1414 2144 1522 2191 galea
1556 2143 1625 2178 ob-

64 2214 172 2256 texit,
200 2214 392 2258 alteraque
409 2222 527 2247 manu
547 2211 720 2257 gladium
743 2211 924 2247 ν1111111111.
949 2210 1119 2257 Quisque
1144 2210 1209 2256 qui
1230 2209 1429 2256 proximus
1450 2209 1484 2243 ei
1508 2212 1625 2243 staret

64 2283 291 2325 praesentem
325 2277 566 2312 ominaturus
600 2281 699 2312 esset
726 2282 889 2312 mortem
926 2286 934 2311 :
966 2286 1057 2311 nam
1090 2275 1155 2310 ille
1189 2273 1483 2321 insequentibus
1511 2271 1623 2307 sociis

65 2348 189 2389 strage
211 2341 515 2377 adversariorum
535 2353 656 2388 usque
676 2341 722 2377 ad
742 2346 890 2388 portam
911 2339 1072 2383 castelli,
1096 2340 1201 2374 viam
1222 2338 1295 2374 sibi
1312 2338 1474 2384 pararit.

117 2407 215 2441 Tum
237 2407 338 2442 inter
366 2405 550 2441 Ethnicos
578 2405 799 2441 inconditus
833 2405 977 2441 clamor
1003 2404 1211 2445 oriebatur,
1235 2403 1462 2437 minitantes
1490 2406 1526 2436 et
1547 2401 1622 2436 im-

63 2476 261 2517 precantes
288 2470 393 2505 fabro
424 2469 543 2516 gladii
564 2470 721 2517 ejusque
740 2469 951 2517 possessori
978 2468 1075 2505 iram
1105 2467 1265 2504 Domini
1300 2467 1360 2502 sui
1392 2466 1618 2508 Mahometi,

107 2618 158 2660 (h)
185 2619 213 2650 A
233 2621 268 2650 et
288 2618 313 2649 F
333 2630 339 2649 ε
362 2618 493 2659 hospes
511 2627 649 2650 eorum.

108 2672 146 2712 (i)
172 2673 197 2703 F
216 2671 335 2704 addit:
359 2672 493 2704 Eodem
517 2674 697 2704 momento
722 2671 898 2705 currendo
920 2671 1127 2714 supervenit
1148 2671 1332 2712 superstes
1355 2669 1616 2705 excubitorum,

65 2726 222 2757 clamans
242 2725 287 2756 ad
304 2724 500 2757 Fabi-inum
523 2736 529 2755 :
548 2724 712 2761 Domine,
733 2733 865 2766 magna
884 2724 1002 2766 hodie,
1028 2727 1096 2756 etc,
