1881 3104
753 165 808 172 -—-
846 140 924 181 111ξὲ
963 163 1013 169 —-

109 263 193 288 rum
223 249 343 298 spatio
377 258 542 298 peracto,
566 262 698 288 omnes
731 251 770 286 in
803 252 894 287 urbe
923 251 1112 298 prIncipes
1147 250 1321 297 virosque
1342 247 1658 295 prudentissimos

108 323 306 359 convocat,
329 322 364 351 et
383 317 601 352 convocatis
621 328 661 352 se
679 316 894 353 Corbolium
917 319 1058 352 iturum
1092 315 1246 357 indicat,
1267 321 1308 349 ut
1326 319 1479 360 accepta
1498 313 1599 348 mala
1619 313 1658 348 in

107 380 214 427 Rege
233 381 378 418 Salatre
398 382 616 426 vindicaret,
641 390 677 418 et
697 394 974 430 quemcumque
995 383 1147 418 fortuna
1167 380 1311 416 dederit
1331 380 1446 415 finem
1466 378 1563 414 bello
1586 380 1656 414 im-

105 453 276 493 poneret.
306 446 449 483 Omnes
475 447 521 483 ad
552 446 754 483 consilium
787 447 866 493 ejus
887 452 1142 489 accesserunt,
1167 445 1275 481 enixe
1305 450 1493 491 rogantes,
1516 454 1565 478 nc
1587 443 1657 479 hoc

106 511 145 547 in
177 522 301 548 rerum
323 512 472 548 turbine
493 523 582 549 suos
603 511 837 555 destitueret,
863 512 927 558 qui
949 523 1035 547 eum
1055 513 1265 558 principem
1289 510 1368 556 jam
1400 508 1657 555 agnoscebant

105 575 213 623 eique
246 577 471 625 obsequium
498 577 774 624 pollicebantur
794 576 1092 623 paratissimum.
1115 576 1217 612 Urbe
1244 575 1358 621 igitur
1378 573 1491 609 cessit
1521 572 1657 619 viginti

106 642 277 688 equitum
296 641 464 677 millibus
483 640 537 690 (b)
562 648 598 678 et
619 641 774 678 totidem
796 641 964 688 peditum
992 642 1165 688 stipatus,
1189 639 1409 676 Corbolium
1437 638 1536 674 intra
1565 637 1655 674 solis

109 710 236 741 ortum
258 708 378 743 venit.
401 706 493 743 Haec
524 708 613 743 urbs
646 707 878 742 validissima
899 714 990 750 erat,
1012 712 1049 742 et
1069 716 1264 753 nunquam
1284 710 1395 740 antea
1426 708 1652 750 expugnata,

111 770 144 806 si
176 770 329 818 quidem
365 772 596 809 firmissimis
626 773 746 808 muris
781 779 817 808 et
841 772 950 808 fossis
971 772 1195 807 vastissimis
1216 770 1364 806 munita
1381 775 1493 805 esset.
1514 768 1655 804 Pontes

109 845 203 883 quos
235 835 345 872 fossae
378 836 566 873 habebant
609 837 771 873 inteidiu
803 837 1020 884 Ianduntur
1049 843 1084 872 et
1117 841 1343 878 reserantur,
1382 840 1498 870 noctu
1527 841 1654 869 autem

107 899 348 938 clauduntur.
373 901 533 938 Florent
555 902 763 938 exercitum
789 902 954 939 vicinam
986 903 1131 949 sylvam
1153 900 1358 943 succidere,
1380 905 1416 935 et
1441 899 1560 935 fossas
1582 898 1654 933 im-

105 966 208 1013 plere
225 966 351 1013 jussit.
374 966 521 1003 Deinde
549 970 634 1014 igne
662 967 826 1013 admoto,
852 979 937 1004 cum
960 968 1176 1004 incendium
1200 967 1311 1003 latius
1333 976 1481 1012 serpere
1502 971 1538 1000 et
1557 964 1655 999 vires

105 1042 255 1067 sumere
284 1033 409 1078 coepit,
437 1044 569 1068 murus
598 1022 767 1076 incaluit,
801 1033 883 1069 calx
912 1039 948 1068 et
974 1031 1283 1069 conserruminati
1304 1030 1445 1078 lapides
1475 1029 1654 1077 paulatim

105 1095 263 1132 dissolvi
285 1104 492 1144 coeperunt.
515 1099 613 1134 Tum
640 1097 802 1134 admotis
823 1096 980 1147 cata-(p.
1003 1096 1209 1145 Stis-pultis
1229 1103 1266 1133 et
1287 1096 1475 1133 machinis
1498 1095 1657 1132 murali-

104 1159 176 1197 bus
199 1165 319 1197 totum
340 1173 493 1198 murum
514 1163 622 1200 facile
643 1163 869 1210 perfregere,
894 1169 931 1199 et
947 1170 1076 1209 postea
1096 1162 1229 1209 frigida
1249 1161 1463 1210 perfudere.

157 1225 305 1262 Deinde
325 1227 543 1265 incursione
558 1229 666 1271 facta,
688 1229 819 1264 urbem
841 1240 926 1264 cum
945 1228 1122 1271 clamore,
1143 1233 1180 1263 et
1194 1238 1332 1273 magno
1352 1227 1527 1262 tubarum
1549 1226 1654 1261 clan-

104 1301 194 1337 gore
224 1291 422 1328 invadunt.
448 1293 565 1330 Pauci
595 1300 702 1330 erant
718 1300 1030 1341 propugnatores,
1055 1293 1137 1330 Rex
1160 1299 1286 1328 tamen
1308 1292 1471 1328 Salatres
1492 1292 1654 1327 viriliter

104 1357 245 1391 restitit
266 1366 351 1392 cum
374 1359 467 1403 suis,
493 1358 556 1394 sed
581 1359 729 1394 tandem
751 1360 856 1405 pauci
891 1370 912 1394 a
944 1359 1071 1394 multis
1090 1357 1338 1394 circumventi
1359 1362 1461 1393 sunt.
1485 1356 1568 1392 Rex
1590 1356 1654 1402 igi-

106 1428 166 1458 tur
194 1424 419 1472 praepotenti
438 1424 536 1459 hosti
551 1424 685 1470 impar,
711 1425 857 1470 capitur
877 1430 913 1459 et
934 1435 1062 1470 pacem
1084 1424 1240 1470 supplex
1261 1428 1380 1467 rogat.
1402 1421 1471 1457 Cui
1490 1421 1652 1457 Florent

105 1490 308 1535 respondet
330 1500 337 1525 :
362 1488 400 1524 Si
419 1488 495 1535 jam
518 1488 715 1534 promissis
748 1494 859 1527 stare.
884 1488 977 1523 milii
999 1499 1158 1534 regnum
1180 1498 1266 1523 cum
1288 1486 1474 1522 thesauris
1495 1485 1648 1529 donare,

104 1552 424 1602 Marsibillamque
450 1554 565 1589 [iliam
584 1554 621 1589 in
646 1553 930 1589 matrimonium
952 1553 1039 1589 dare
1060 1553 1168 1597 velis,
1189 1558 1225 1588 et
1240 1551 1651 1598 insuperjurejurando

103 1623 139 1654 te
172 1617 372 1655 Franciam
404 1618 503 1654 bello
542 1630 736 1666 nunquam
771 1619 1034 1654 lacessiturum
1081 1617 1362 1654 confirmaveris
1399 1616 1521 1665 (Deus
1547 1618 1651 1652 enim

104 1682 304 1719 Franciam
321 1684 420 1730 justi}
443 1683 645 1730 regendam
666 1683 760 1718 1111111
789 1681 1001 1731 destinavit]
1024 1684 1154 1730 utique
1188 1683 1303 1718 vitam
1335 1687 1372 1717 et
1390 1681 1554 1717 honores
1586 1681 1653 1717 tibi

105 1748 278 1785 servabo.
306 1749 374 1785 Cui
396 1749 477 1785 Rex
503 1760 509 1784 :
539 1749 676 1793 Immo,
702 1748 783 1784 haec
813 1749 939 1784 omnia
971 1749 1100 1784 sancte
1122 1747 1317 1794 promitto,
1341 1758 1429 1782 nam
1451 1746 1537 1781 filiae
1558 1756 1652 1781 meze

102 1815 348 1858 praestantius
365 1813 583 1859 conjugium
612 1816 830 1860 contingere
852 1824 961 1860 posse
980 1813 1155 1848 existimo
1172 1812 1335 1848 nullum.
1357 1811 1438 1845 Tua
1454 1811 1567 1857 igitur
1582 1813 1652 1846 erit

104 1876 243 1922 conjux
268 1883 304 1913 et
334 1878 402 1913 tibi
425 1877 471 1926 (e)
505 1880 617 1913 trium
651 1878 814 1924 Regum,
838 1889 931 1925 quos
958 1878 1143 1919 occidisti,
1169 1887 1283 1921 resana
1303 1877 1384 1912 loco
1403 1875 1500 1911 slotis
1518 1875 1647 1920 offero,

105 1941 252 1988 erisque
288 1942 382 1978 1111111
409 1943 550 1979 auxilio
583 1943 627 1979 ad
666 1946 816 1983 omnia,
850 1955 932 1990 quae
965 1950 998 1979 te
1031 1944 1179 1979 decent.
1212 1943 1304 1977 Haec
1333 1941 1495 1976 Floreat
1527 1940 1646 1975 facilis

102 2008 290 2051 promisit.
315 2007 444 2043 Primo
465 2007 556 2043 fides
577 2010 754 2055 utrinque
774 2008 858 2044 data
876 2015 1102 2056 acceptaque
1142 2008 1256 2044 Pacto
1277 2004 1411 2040 deinde
1432 2009 1469 2039 et
1489 2014 1650 2050 sponsa-

102 2069 200 2105 libus
223 2072 382 2116 peractis
411 2071 686 2118 producebatur
720 2072 923 2108 Marsibilla
956 2073 1070 2119 Regis
1105 2074 1194 2118 filia,
1234 2072 1423 2117 virginum
1460 2071 1647 2113 omnium,

104 2145 187 2180 ‹111ae
216 2140 305 2171 tunc
333 2137 513 2183 temporis
534 2136 725 2177 vivebant,
747 2137 1035 2180 formosissima,
1060 2140 1117 2173 cui
1152 2137 1188 2172 id
1216 2147 1335 2171 unum
1357 2135 1521 2170 defuisse
1542 2134 1649 2169 vide-

101 2197 223 2241 batur,
255 2198 304 2245 (p.
329 2198 393 2248 87)
415 2200 514 2247 quod
548 2203 741 2237 communi
774 2204 992 2239 mortalium
1025 2203 1112 2249 legi,
1137 2199 1337 2249 aliquando
1372 2199 1469 2234 mori
1503 2204 1539 2235 et
1571 2210 1648 2235 non

102 2273 251 2309 semper
268 2263 407 2307 vivere,
432 2264 608 2301 adstricta
633 2273 745 2302 esset.

155 2327 316 2364 Flovent
332 2336 463 2375 postea
482 2331 637 2366 nuntios
658 2331 822 2367 Romam
843 2332 959 2374 misit,
984 2330 1192 2376 Epis-copes
1218 2335 1255 2365 et
1282 2328 1522 2375 presbyteros
1549 2330 1652 2375 peti-

103 2398 198 2428 tum.
221 2392 463 2429 Autumnant
482 2395 649 2442 plerique
681 2403 855 2431 sanctum
879 2394 1047 2430 Marcum
1071 2395 1140 2430 hoc
1169 2402 1336 2440 tempore
1357 2394 1489 2429 Romae
1508 2393 1651 2439 Papam

101 2458 297 2499 resedisse,
323 2459 386 2505 qui
408 2459 623 2506 episcopum
647 2471 732 2496 011111
759 2459 1029 2504 sacerdotibus,
1049 2459 1093 2494 ad
1115 2471 1201 2494 eum
1220 2459 1338 2494 misit.
1362 2458 1434 2494 Hic
1454 2459 1651 2505 episcopus

102 2521 348 2558 Marsibillam
374 2522 424 2571 (cl)
447 2535 530 2559 cum
563 2525 693 2560 maltis
714 2525 795 2560 aliis
827 2536 912 2561 vero
935 2525 1052 2560 cultui
1074 2524 1249 2570 Supremi
1270 2523 1452 2559 Numinis
1472 2535 1538 2570 per
1556 2524 1648 2572 bap-

147 2679 192 2719 (b)
217 2680 246 2712 D
270 2695 275 2712 :
300 2691 336 2712 31.
361 2691 400 2712 M.

144 2735 187 2771 (c)
210 2736 242 2765 A
263 2733 293 2765 D
314 2746 319 2765 :
345 2734 484 2775 erisque
506 2734 593 2765 mihi
620 2734 696 2767 loco
721 2735 857 2777 Regum
881 2745 1040 2767 meorum
1064 2744 1152 2776 quos
1177 2734 1347 2766 occidisti.

147 2784 191 2826 td)
213 2788 241 2818 A
266 2787 315 2818 D:
340 2795 418 2829 qntc
435 2788 469 2818 111
492 2787 668 2819 Floveutis
692 2789 839 2829 gratiam
861 2789 1082 2831 Baptismum
1106 2788 1274 2828 suscepit.
