1881 3104
773 152 831 156 —
866 128 949 168 150
984 151 1039 157 —

126 243 186 277 sui
208 251 363 287 compos
395 251 441 276 ex
472 242 559 275 imis
588 239 806 287 przecordiis
838 241 1002 285 gemitus
1033 238 1189 274 fundere
1221 238 1348 284 coepit.
1375 237 1422 275 At
1443 238 1525 273 Rex
1564 239 1680 274 filiam

123 307 328 352 aspiciens,
351 305 406 341 sic
430 305 567 340 affatur
589 315 597 340 ε
621 305 759 352 Ejicito
778 305 984 342 tristitiam.
1008 303 1206 339 carissima
1228 308 1342 339 nata:
1364 303 1501 338 nie-..ilci
1524 304 1680 339 vulnera

124 370 354 417 obligarunt,
378 376 415 406 et
434 369 481 405 ad
497 370 698 406 sanitatem
719 371 794 405 cito
816 369 960 406 redibo.
980 368 1194 414 Cognatum
1211 379 1302 404 vero
1320 367 1518 403 Florentis
1541 369 1579 402 in
1600 370 1681 403 vin-

125 435 219 472 culis
239 435 450 479 habemus‚'
466 446 512 470 ex
533 446 606 482 quo
627 435 814 470 ultionem
834 439 1006 470 exactam
1027 433 1367 479 expostulabimus.
1388 431 1442 468 At
1462 433 1524 467 illa
1551 443 1680 468 secum

124 501 253 536 animo
271 500 483 546 cogitabat:
503 498 553 545 (sp.
576 500 638 544 63)
659 510 730 535 nec
751 506 792 535 tu
811 510 882 535 nec
904 499 960 534 tui
980 508 1143 534 mortem
1162 497 1279 533 Otuni
1300 497 1609 543 irrogabunt‚sed
1632 497 1679 532 li-

125 565 264 601 berabo
298 566 419 610 illum,
441 570 483 600 ut
503 576 546 601 eo
569 576 724 601 suasore
745 567 783 600 in
817 566 944 600 sinum
965 570 1001 599 et
1033 564 1274 610 complexum
1294 562 1490 598 Florentis
1512 562 1677 598 veniam.

125 629 337 665 Marsibilla
352 638 499 676 patrem
520 631 644 665 valere
662 630 788 675 jussit,
816 635 854 665 et
883 629 1040 665 domum
1069 639 1217 663 reversa
1246 629 1451 671 nutricem,
1475 638 1588 673 quam
1616 637 1681 662 so·

124 694 201 730 lam
223 705 446 730 arcanorum
467 706 624 731 suorum
657 695 791 730 habuit
821 696 1043 741 participem
1078 692 1250 737 accersit,
1273 692 1442 739 dixitque
1466 703 1473 727 2
1499 692 1683 727 Consulta

118 760 199 804 jam
232 759 344 806 mihi,
364 759 585 795 dulcissima
620 761 774 802 nutrix;
807 761 845 795 in
880 760 967 795 sinu
991 760 1155 794 nutricio
1187 764 1251 794 tuo
1276 759 1443 793 suaviter
1462 757 1623 803 adolevi,
1647 764 1682 792 et

124 830 320 870 eapropter
336 835 358 859 a
379 830 429 868 te,
454 835 537 871 quae
558 835 729 860 amorem
759 824 971 860 honestatis
999 824 1093 859 mihi
1116 835 1137 858 a
1158 825 1298 858 teneris
1321 823 1530 868 inspirasti,
1554 821 1681 857 consi-

122 888 214 923 lium
240 888 319 934 jam
352 895 453 935 peto.
485 889 642 936 Porrige
672 890 768 925 mihi
797 890 904 925 iilum
935 889 1196 934 Ariadnaeum,
1230 899 1304 935 quo
1336 887 1421 923 duci
1451 898 1606 933 possum
1636 886 1682 921 ad

122 952 363 999 Floveiitem,
386 965 499 1001 quem
524 954 760 995 medullitus,
783 954 860 989 imo
897 965 1011 1000 supra
1031 964 1145 1000 quam
1175 955 1355 1000 cuiquam
1387 950 1565 988 credibile
1599 962 1683 986 esse

122 1017 275 1063 poterit,
308 1028 410 1055 amo.
443 1018 513 1054 Cui
542 1021 671 1054 nutrix
696 1029 702 1054 :
733 1019 875 1054 lnsano
909 1024 946 1054 et
975 1024 1206 1065 praepostero
1238 1028 1366 1053 amore
1397 1017 1534 1052 ardes:
1568 1027 1682 1063 quem

124 1083 229 1117 enim
261 1082 474 1129 impotente
493 1083 643 1130 deperis
669 1095 812 1126 amore,
837 1094 987 1119 summo
1008 1083 1186 1130 prosequi
1204 1083 1290 1119 odio
1322 1084 1478 1125 teneris,
1506 1083 1549 1117 eo
1582 1080 1682 1128 quod

122 1145 226 1182 viros
248 1147 372 1184 Patris
405 1149 460 1184 tui
490 1149 719 1185 fortis—imos
745 1150 997 1191 obtruncavit,
1021 1157 1057 1184 et
1088 1148 1281 1184 ferrumin
1295 1158 1428 1184 eorum
1454 1146 1595 1193 jugulis
1623 1150 1683 1181 te-

123 1211 329 1257 pefactum,
354 1215 469 1249 etiam
491 1216 531 1250 in
554 1214 682 1250 fauces
703 1216 870 1260 parentis
893 1214 945 1249 tui
967 1214 1114 1249 direxit.
1141 1213 1240 1249 Cave
1257 1213 1433 1264 igitur-te
1455 1222 1576 1258 lpsam
1596 1221 1680 1257 per-

122 1275 203 1311 das.
226 1277 373 1313 Morem
393 1278 520 1324 potius
541 1290 628 1325 gere
656 1279 816 1315 consilio
837 1279 937 1325 quod
958 1278 1053 1314 dabo
1078 1290 1086 1313 ;
1110 1278 1183 1313 Hic
1213 1278 1311 1324 apud
1329 1286 1472 1324 patrem
1496 1283 1604 1312 tuum
1625 1280 1682 1310 est

123 1351 286 1387 magnus
317 1345 491 1389 princeps
518 1342 702 1379 Almazur
722 1343 772 1392 (a)
797 1345 861 1390 qui
893 1343 1018 1389 amplo
1039 1342 1244 1378 admodum
1277 1353 1393 1388 regno
1423 1343 1599 1386 imperat,
1623 1345 1682 1375 te-

127 1416 200 1451 que
221 1417 361 1442 mirum
378 1414 564 1454 quantum
585 1408 747 1443 deamat.
767 1407 841 1443 Sed
861 1408 1023 1443 Flovent
1055 1407 1256 1442 hominum
1274 1407 1557 1452 egentissimus,
1583 1405 1681 1441 alio-

126 1481 211 1505 rum
246 1473 380 1517 opibus
406 1473 513 1507 vivit.
538 1471 601 1507 Ad
633 1482 716 1518 quae
737 1472 854 1517 Regis
889 1471 966 1506 filia
988 1482 995 1506 :
1021 1470 1081 1505 Me
1103 1472 1297 1516 increpare
1327 1471 1423 1506 nihil
1439 1472 1560 1517 juvat.
1585 1469 1679 1506 Flo-

125 1542 215 1570 vent
237 1537 394 1570 maximi
415 1535 460 1571 ad
483 1536 582 1572 bella
603 1536 766 1582 impetus
784 1536 949 1582 juvenis,
966 1535 1056 1571 viris
1079 1535 1224 1570 militiae
1242 1535 1460 1571 fortissimis
1481 1535 1683 1581 caliginem

126 1600 294 1644 obducit,
320 1613 389 1637 nec
412 1602 589 1649 cuiquam
622 1603 697 1638 nisi
718 1602 823 1638 Patri
845 1613 930 1638 meo
963 1601 1076 1638 cedit.
1096 1601 1313 1637 Thesauros
1338 1603 1392 1648 (p.
1417 1601 1480 1645 64)
1515 1600 1627 1646 igitur
1649 1606 1685 1634 et

127 1675 289 1711 regnum
309 1666 535 1713 dignissimo
556 1667 644 1702 huic
666 1667 829 1714 principi
849 1666 1020 1711 donabo‚·
1040 1666 1103 1701 sed
1124 1664 1309 1701 Almazur
1339 1676 1409 1701 nec
1441 1665 1593 1705 virtute,
1614 1675 1685 1700 nec

130 1729 252 1765 forma
271 1734 390 1766 enitet
412 1741 419 1767 ς
452 1732 525 1767 hoc
546 1732 664 1773 enim,
688 1733 934 1778 quantumvis
955 1732 1150 1777 opulento,
1175 1731 1235 1767 ille
1261 1731 1383 1766 multo
1412 1731 1549 1766 melior
1569 1737 1626 1764 est
1647 1735 1685 1764 et

127 1796 388 1833 excellentior.
412 1794 557 1832 Iterum
584 1797 714 1832 nutrix
738 1807 746 1831 z
771 1796 919 1831 Deliras
940 1806 1030 1831 sane
1060 1802 1095 1831 et
1127 1795 1227 1830 haud
1258 1796 1390 1831 leviter
1421 1795 1681 1836 hallucinaris,

128 1858 219 1895 dum
243 1871 329 1895 eum
359 1871 488 1896 amore
519 1863 774 1908 prosequeris⁷
799 1872 912 1908 quem
945 1860 1068 1896 odisse
1103 1865 1264 1907 oportet.
1288 1859 1342 1896 At
1369 1858 1552 1895 Almazur
1580 1858 1685 1894 audit

129 1924 270 1960 virtute
290 1925 445 1968 nobilis,
469 1925 660 1961 natalibus
692 1926 830 1970 clarus,
851 1925 1020 1972 gestibus
1050 1924 1248 1960 laudabilis
1271 1924 1337 1973 (b),
1361 1935 1432 1960 nec
1463 1935 1594 1971 regno,
1618 1934 1686 1970 pe-

128 1992 256 2036 cunia,
275 1997 342 2026 aut
372 1989 560 2026 militibus
592 1991 757 2037 indigus,
783 2002 858 2038 quo
883 1997 1187 2038 praestantiorem
1217 1993 1397 2026 maritum
1418 1991 1480 2025 vix
1514 1989 1683 2024 habebis.

128 2054 340 2091 Marsibilla
365 2067 370 2090 :
396 2055 549 2091 Testem
583 2056 718 2091 invoco
749 2055 873 2091 Deum
904 2055 1204 2098 Maeliometuin,
1239 2067 1300 2091 me
1331 2056 1428 2092 velle
1459 2056 1563 2102 prius
1597 2056 1685 2100 igne

129 2122 253 2156 vivam
275 2122 525 2162 concremari,
550 2133 664 2168 quam
680 2121 897 2157 Almazuris
917 2121 1083 2156 thalamo
1113 2120 1255 2155 inferri.
1282 2120 1340 2155 Tu
1369 2131 1456 2155 vero
1478 2120 1680 2162 donorum,

131 2195 208 2220 non
226 2187 409 2220 virtutum
431 2197 543 2221 causa
564 2187 742 2232 ignavum
763 2186 866 2221 hunc
881 2185 1089 2231 principem
1111 2184 1155 2220 ad
1176 2185 1314 2220 coelum
1335 2185 1486 2220 extollis
1507 2184 1568 2232 (c).
1591 2184 1685 2220 Haec

130 2250 280 2286 elocuta
309 2250 521 2286 dilaceratis
550 2250 730 2293 vestibus,
755 2251 898 2285 affatim
927 2250 1210 2295 lachrymarum
1230 2249 1434 2296 profunditv
1461 2249 1543 2293 Quo
1574 2260 1685 2285 cons-

129 2320 238 2362 pecto
263 2315 389 2349 nutrix
409 2314 603 2361 respondit
625 2325 633 2350 ;
659 2314 858 2350 Voluntati
883 2320 958 2350 tuse
986 2325 1063 2350 non
1093 2314 1320 2359 refragabor,
1344 2325 1493 2350 carcere
1513 2314 1683 2349 Otunum

132 2380 396 2424 liberabimus5
419 2381 484 2426 qui
514 2385 660 2415 vestros
685 2390 834 2415 amores
857 2380 1004 2426 junget.
1027 2379 1120 2415 Haec
1151 2378 1367 2415 Marsibillae
1397 2380 1681 2426 perplacebant.

175 2515 222 2554 (a)
247 2514 278 2545 A
301 2514 330 2546 D
349 2514 424 2546 etF
450 2525 456 2545 z
478 2514 654 2546 Almatur.

172 2567 221 2605 (b)
246 2568 272 2598 F
291 2580 297 2599 :
324 2571 358 2600 et
381 2567 520 2608 Regum
543 2567 709 2600 Russiam
733 2570 838 2599 tenus
860 2567 1143 2608 potentissimus.

178 2623 222 2663 (o)
245 2621 270 2651 F
293 2634 299 2651 :
324 2621 521 2653 Marsibilla
540 2621 594 2653 his
618 2621 907 2653 oblocutionibus
927 2621 1113 2662 paululum
1136 2621 1196 2652 irae
1217 2621 1390 2662 concepit.
1403 2620 1537 2656 Tantis,
1556 2620 1685 2662 inquit,

131 2677 166 2707 te
184 2675 306 2708 ornavi
327 2674 431 2706 donis
454 2678 489 2706 et
506 2674 713 2712 honoribus,
736 2677 775 2705 ut
799 2673 884 2704 mihi
906 2681 1048 2714 semper
1070 2673 1241 2704 obstricta
1265 2673 1324 2704 sis.
1350 2672 1403 2704 Tu
1431 2672 1461 2704 si
1484 2673 1573 2704 velis
1594 2682 1684 2714 quo-

132 2728 268 2760 rumvis
301 2727 487 2759 hominum
518 2736 657 2759 amores
680 2728 898 2768 conjungere
921 2729 1022 2766 potes
1054 2726 1194 2758 artibus
1223 2730 1258 2757 et
1291 2725 1429 2757 technis
1464 2726 1546 2762 tuis,
1583 2735 1687 2767 opem

133 2780 238 2816 seras,
263 2789 335 2815 oro.
357 2783 423 2812 cto.
