1881 3104
750 115 1013 157 -123—

105 229 255 265 victum
275 228 334 263 illi
354 229 536 272 curaturi,
560 229 704 276 ignem,
729 228 847 275 ligna.
873 228 1024 274 aliaque
1045 227 1085 262 id
1105 237 1226 273 genus
1245 225 1462 260 necessaria
1481 234 1662 271 suggere-

110 294 215 329 bant.
240 292 315 328 Hic
342 294 604 330 tumultuosus
627 293 720 329 olim
740 293 887 328 exstitit
911 292 1020 327 ’verbi
1039 291 1164 327 divini
1183 293 1415 331 contemtor,
1441 289 1507 334 qui
1526 289 1664 324 nuntio

106 357 246 393 virtuti
276 357 449 400 remisso,
479 369 523 394 eo
553 357 765 405 impietatis
793 358 914 400 venit,
944 362 987 392 ut
1017 368 1079 392 sex
1109 353 1161 404 (c)
1191 355 1294 390 viros
1324 359 1489 395 sanctos,
1519 359 1556 387 et
1585 353 1665 388 vita

109 422 343 459 clarissimos
367 423 618 458 interimeret.
642 423 810 458 Demum
840 422 1003 458 feliciori
1031 422 1146 468 Papae
1165 419 1354 467 Sylvestri
1383 419 1500 454 ductu
1528 429 1664 464 exper-

108 487 279 534 gefactus
298 488 460 524 meliora
476 488 616 534 sapuit,
633 487 830 535 mysteriis
848 498 946 523 verae
966 485 1167 533 religionis
1184 484 1402 525 institutus,
1421 482 1663 529 coelestisque

107 552 295 588 Numinis
324 552 460 601 cul-(p.
486 550 632 599 14)-ῑηί
653 552 839 595 addictus,
863 552 970 594 adeo,
995 557 1037 586 ut
1057 553 1107 594 (d)
1129 548 1274 596 Angeli
1302 548 1374 583 Dei
1401 548 1559 583 alternis
1581 545 1665 583 die-

106 616 179 652 bus
209 617 245 652 ei
274 623 513 664 apparenteS‚
537 617 712 653 Psalmos
738 617 898 653 Davidis
925 617 1029 652 hunc
1058 627 1158 651 verae
1186 613 1387 660 religionis
1417 611 1664 648 candidatum

109 680 330 718 edocuerint
353 680 419 729 (e).
444 681 519 718 Hic
541 681 658 717 etiam
678 682 864 718 Ethnicos
891 692 990 728 saepe
1010 681 1266 721 incursantes,
1292 678 1445 713 strenue
1467 687 1506 711 se
1533 675 1664 710 'vindi-

108 735 243 788 cando,
268 746 399 788 armis,
425 757 508 792 quae
528 746 675 792 optima
693 747 876 793 possedit,
894 745 1127 793 profligavit.

159 809 309 845 Otunus
333 811 412 857 jam
440 810 486 845 ad
514 810 612 845 fores
639 822 840 857 aggressus
861 811 939 846 leni
959 811 1038 846 ictu
1058 809 1240 857 pulsavit,
1265 806 1366 854 quod
1387 806 1548 842 audiens
1568 805 1663 840 Ere—

106 875 203 911 mita
232 878 272 920 (f)
305 874 448 921 quaevit
472 887 479 909 :
503 874 690 918 Quisnam
709 875 764 911 ihi
784 881 820 911 et
841 887 917 922 qua
938 875 983 911 de
1005 875 1148 911 causa?
1167 873 1239 910 Cui
1259 872 1411 908 Otunus
1430 882 1438 906 ;
1462 870 1555 906 Sine
1576 880 1659 909 nos,

108 940 290 983 Domine,
305 940 368 976 hic
390 945 627 987 pernoctare.
652 941 822 976 Eremita
841 953 848 976 :
870 942 971 985 Quot
983 941 1104 976 estis?
1123 939 1275 976 Otunus
1291 951 1297 973 :
1321 933 1613 981 Unusjuxenis,
1629 938 1666 969 et·

106 1015 178 1040 nos
207 1004 281 1040 duo
312 1004 347 1039 ei
377 1004 622 1040 famulantes.
659 1004 857 1040 Eremita:
887 1005 1057 1041 Ubinam
1085 1004 1150 1039 ille
1166 1008 1254 1038 tuus
1275 999 1494 1038 Dominus?
1517 997 1624 1034 Otun
1656 1009 1663 1031 :

107 1070 219 1111 Ecce,
240 1069 380 1115 inquit,
404 1068 469 1103 ille
497 1067 544 1103 ad
563 1068 662 1104 fores
683 1069 813 1105 sacelli
834 1069 1059 1116 provolutus
1078 1067 1255 1115 precibus
1274 1064 1478 1102 incumbit.
1502 1063 1605 1106 Quos
1625 1068 1667 1095 ut

106 1134 281 1169 Eremita
317 1133 559 1169 Christianos
592 1145 673 1169 esse.
706 1140 960 1180 cognoverat:
984 1133 1056 1169 Dei
1087 1143 1190 1180 ergo,
1223 1131 1366 1178 inquit,
1398 1140 1465 1164 vos
1497 1126 1666 1173 hospitio

102 1198 296 1245 excipiam
318 1203 353 1233 et
374 1202 564 1244 quantum
580 1197 621 1233 in
642 1209 705 1233 me
725 1205 781 1234 est
796 1197 1072 1244 hospitalitatis
1093 1196 1294 1232 exhibebo.

160 1263 260 1298 Tum
280 1261 434 1304 Jofreir,
451 1262 560 1309 equis
580 1262 622 1298 in
647 1263 797 1298 stabulo
817 1263 966 1305 locatis,
991 1262 1136 1298 foenum
1158 1261 1275 1303 dedit,
1299 1260 1403 1296 Otun
1425 1264 1554 1295 autem
1574 1257 1665 1293 Flo-

106 1327 214 1364 venti
232 1326 464 1373 promissum
484 1326 697 1373 hospitium
716 1327 757 1362 in
780 1333 958 1373 promptu
981 1337 1062 1361 esse
1082 1325 1268 1361 indicavit
1289 1338 1297 1360 2
1323 1335 1397 1371 qua
1418 1328 1572 1370 propt-er
1600 1321 1666 1356 ille

105 1393 187 1439 Deo
206 1392 347 1438 gratias
362 1391 441 1437 egit
456 1389 519 1435 (q).
538 1391 688 1426 Deinde
702 1391 860 1427 domum
881 1392 1068 1426 intrantes
1086 1390 1237 1425 nullum
1257 1389 1374 1424 sedile
1393 1388 1440 1423 ad
1462 1385 1667 1422 reficienda

107 1456 316 1503 defatigata
348 1466 505 1502 corpora
534 1463 671 1502 praeter
702 1467 882 1502 querceos
918 1455 1104 1502 quosdam
1138 1460 1292 1490 truncos
1324 1453 1526 1500 reperiere.
1559 1450 1666 1497 Ignis

106 1526 238 1556 tamen
259 1531 303 1555 ex
325 1518 502 1555 arefactis
523 1519 640 1566 lignis
657 1524 737 1555 erat
758 1531 954 1563 accensus,
973 1525 1015 1554 ut
1033 1519 1184 1566 torpida
1199 1530 1268 1554 sua
1283 1517 1457 1553 membra
1477 1516 1662 1551 foverent.

105 1584 205 1620 Tum
225 1584 389 1619 Flovent
408 1594 416 1617 :
435 1582 587 1629 expedit
608 1583 736 1619 cibum
758 1595 904 1630 capere,
927 1590 963 1619 et
984 1583 1072 1619 inde
1094 1595 1133 1619 so
1155 1582 1276 1629 quieti
1298 1581 1400 1616 dare.
1427 1580 1566 1616 Statim
1587 1584 1665 1613 erat

105 1659 240 1684 mensa
270 1647 456 1694 apposita,
487 1648 675 1683 instructa
705 1649 827 1683 tribus
861 1648 991 1683 limbis
1018 1648 1114 1683 favis
1145 1646 1402 1687 subcineritii,
1431 1651 1468 1680 et
1499 1654 1597 1690 aqua
1625 1642 1666 1676 in

105 1713 274 1748 vasculo.
299 1710 421 1754 Quem
444 1717 668 1757 apparatum
692 1723 777 1747 cum
799 1712 943 1746 videret
964 1711 1081 1753 Otun,
1106 1711 1201 1747 dixit
1220 1725 1226 1747 z
1253 1712 1342 1747 Non
1359 1715 1480 1757 potes,
1497 1708 1666 1744 Domine

109 1776 156 1826 (p.
184 1774 241 1822 15)
268 1776 443 1819 Flovent,
468 1781 549 1812 atro
576 1777 648 1812 hoc
676 1789 775 1824 pane
797 1782 832 1812 te
850 1783 1033 1813 saturare.
1059 1777 1131 1813 Cui
1150 1778 1313 1813 Flovent
1337 1787 1344 1812 :
1374 1777 1533 1811 Possum
1555 1773 1666 1821 equi-

107 1840 193 1875 dem
226 1840 299 1876 hoc
326 1851 447 1886 usque
477 1840 524 1875 ad
552 1840 768 1876 satietatem
789 1842 892 1877 vesci
917 1854 923 1877 2
949 1841 1049 1889 quod
1081 1842 1198 1877 etiam
1232 1840 1362 1877 docuit
1383 1845 1564 1880 eventus,
1588 1848 1666 1873 non

106 1910 236 1940 tamen
263 1905 388 1951 magis
414 1906 530 1952 quam
561 1912 736 1952 quartam
767 1912 914 1953 partem
941 1908 1056 1943 unius
1086 1907 1197 1954 panis
1217 1907 1259 1941 hi
1279 1912 1354 1942 tres
1377 1914 1661 1950 consumpsere.

105 1969 171 2004 sed
205 1969 463 2005 nihilominus
496 1970 592 2005 bene
627 1972 788 2006 saturati
820 1979 940 2007 erant.
978 1973 1115 2008 Postea
1145 1971 1318 2007 cubitum
1353 1970 1547 2011 euntibus,
1583 1968 1665 2003 loco

105 2033 353 2069 culcitrarum
384 2039 421 2069 et
450 2034 727 2080 pulvinarium,
752 2036 840 2072 lecti
871 2043 991 2079 erant,
1017 2036 1197 2083 egestatis
1227 2046 1354 2077 causa,
1380 2034 1558 2070 arborum
1580 2043 1666 2068 cor-

106 2097 201 2133 tices
224 2096 289 2146 (h).
312 2098 412 2133 Tum
433 2098 607 2134 Eremita
626 2099 675 2135 iis
696 2099 860 2136 faustam
882 2101 1108 2148 felicemque
1137 2105 1290 2136 noctem
1321 2104 1518 2145 exoptans,
1544 2097 1666 2133 sacel-

107 2161 190 2197 lum
222 2161 331 2204 adiit,
369 2162 493 2198 Deum
526 2164 702 2210 precibus
733 2165 1003 2211 appellaturus.
1034 2165 1112 2201 Ubi
1137 2163 1314 2212 Angelus
1339 2163 1414 2199 Dei
1440 2161 1667 2199 consolandi

149 2326 196 2364 (cy
216 2324 246 2355 D
269 2338 274 2354 :
298 2326 383 2360 tres,
406 2324 433 2355 F
455 2338 461 2355 ι
484 2325 655 2367 quinque.

147 2373 200 2415 (d)
220 2375 247 2406 A
267 2374 296 2406 D
317 2374 362 2405 F:
386 2377 425 2406 ut
447 2375 596 2416 angelus
621 2376 686 2408 Dei
707 2385 847 2408 omnem
870 2386 951 2408 eum
973 2378 1121 2413 cultum,
1144 2378 1203 2419 qui
1227 2378 1263 2409 in
1285 2381 1408 2409 sancta
1426 2376 1584 2409 Ecclesia
1603 2385 1662 2408 ce-

109 2426 280 2463 lebratur,
306 2427 520 2460 edocuisset.

151 2482 193 2520 (e)
214 2481 245 2511 A
266 2480 292 2510 F
315 2492 320 2510 :
343 2480 411 2511 suit
430 2481 608 2522 quondam
629 2482 683 2513 vir
702 2485 829 2524 potens
847 2485 882 2515 et
901 2484 1052 2525 insignis
1071 2483 1215 2516 athleta.

149 2532 190 2573 (l)
214 2533 246 2563 A
268 2532 295 2563 F
315 2531 457 2565 addunt
476 2545 486 2565 :
506 2534 567 2575 qui
588 2537 665 2566 tum
687 2535 859 2576 temporis
882 2536 1060 2568 coenabat.

149 2586 244 2626 (91’A
265 2584 388 2617 addit:
409 2588 444 2617 et
463 2587 541 2627 ers
565 2587 696 2619 sanctis
716 2588 815 2620 viris.

147 2636 199 2677 (lt)
223 2638 254 2668 A
278 2638 303 2668 F
319 2650 326 2668 :
348 2638 534 2670 Heremita
554 2640 681 2680 quaerit
697 2651 703 2671 :
727 2640 832 2673 Unde
853 2650 915 2674 vos
931 2642 1107 2674 venistis?
1126 2641 1276 2674 Flox‘ent
1292 2653 1298 2672 :
1315 2641 1444 2673 Sancte
1461 2640 1579 2682 Pater,
1605 2641 1661 2671 in—

106 2690 194 2731 quit,
216 2691 298 2721 veni
327 2691 453 2728 Roma,
473 2691 535 2722 ubi
561 2701 685 2724 omnes
704 2695 774 2725 mei
796 2695 938 2736 cognati
964 2695 1140 2726 habitant³
1165 2694 1305 2726 Deinde
1333 2695 1429 2727 exilii
1457 2695 1513 2727 sui
1537 2702 1662 2726 causas

106 2743 232 2783 aperit⁴
252 2747 286 2774 et
307 2743 401 2785 quod
421 2744 489 2776 sub
507 2744 627 2786 aliquo
647 2747 784 2787 potenti
801 2748 962 2789 principe
981 2756 1118 2780 merere
1138 2747 1234 2784 velit,
1255 2750 1322 2780 etc.
