1881 3104
494 463 785 536 PARS
856 459 1307 534 TERTIA.

190 846 248 900 lie
272 847 559 901 Florentinum
591 851 633 902 et
663 846 970 901 Fiooientianae
1006 845 1160 900 sabulae
1194 845 1356 915 origine
1387 847 1429 898 et
1461 842 1599 898 indole

629 941 671 990 et
697 935 747 991 (le
773 935 1007 1006 lilerovingo
1032 934 1158 1005 cyclo.

173 1113 354 1153 Relictis
378 1125 491 1152 nunc
511 1112 748 1158 islandicis‚
773 1111 1032 1150 hollandicis
1059 1115 1100 1149 ct
1132 1109 1319 1149 italianis
1349 1121 1427 1148 seu
1456 1107 1673 1147 versioni-

120 1179 203 1218 bus
227 1191 305 1217 seu
336 1178 668 1225 imitationibus,
694 1178 745 1216 ad
779 1177 1024 1228 primitivos
1046 1176 1228 1227 gallicos
1250 1178 1393 1213 textus
1424 1173 1672 1212 redeamus.

120 1244 218 1283 Non
241 1245 383 1282 solum
407 1243 565 1281 exteris
591 1244 633 1281 in
655 1242 923 1292 regionibus,
944 1242 1018 1280 sed
1038 1245 1080 1279 et
1100 1241 1143 1278 in
1165 1240 1346 1278 Francia
1368 1237 1693 1278 celeberrimas*

119 1308 260 1347 fuisse
295 1308 346 1346 de
370 1308 575 1347 Flovente
602 1308 671 1345 vel
692 1306 925 1345 Fioovente
958 1307 973 1332 1
1004 1305 1174 1344 fabulas
1208 1304 1396 1355 plurima
1427 1302 1676 1342 testimonia

121 1373 291 1412 docent.

171 1438 269 1477 Jam
304 1450 437 1488 supra
467 1437 484 1462 Ξ
509 1449 666 1475 versus
698 1434 1247 1487 citavimusprovcncialis
1275 1437 1413 1485 poetae
1443 1431 1672 1472 Bertranni

121 1502 173 1540 de
196 1504 312 1540 textu
335 1514 463 1552 quem
481 1502 611 1540 vertit
631 1501 868 1540 islandicus
892 1501 1124 1540 translator
1145 1512 1152 1537 :

385 1634 438 1669 Ni
457 1645 508 1669 no
527 1634 652 1670 sabetz
668 1645 786 1670 novas
806 1634 851 1669 de
873 1635 1041 1670 Floriven

386 1699 465 1742 Que
486 1710 571 1746 pres
590 1700 754 1746 premier
774 1699 818 1734 de
839 1700 985 1735 Fransa
1008 1699 1254 1736 mandamen.

172 1827 232 1866 Ut
265 1827 534 1865 Bertrannus
564 1827 798 1877 Joculatori
821 1839 900 1865 suo
923 1827 1237 1878 ignorantiam,
1264 1827 1379 1865 haud
1402 1826 1526 1865 aliter
1549 1824 1678 1864 Εἶναί-

123 1890 194 1929 clus
225 1904 247 1929 a
273 1890 464 1930 Caln‘ez‘ra
493 1904 572 1930 suo
600 1891 863 1942 imperitiam
886 1892 1054 1930 crimini
1076 1892 1218 1938 vertit,
1249 1892 1350 1930 dum
1373 1891 1545 1929 diversa
1574 1902 1677 1941 poe-

125 1960 239 1995 mata
274 1960 472 1996 recenset
505 1957 617 1995 bono
643 1957 877 2007 Jooulatori
901 1958 1222 2008 cognoscenda⁷
1244 1957 1358 1996 inter
1386 1969 1480 2007 quae
1509 1958 1549 1993 et
1571 1955 1675 1992 illud

125 2022 240 2071 quod
262 2021 441 2061 Flora-en
459 2021 648 2060 celebret
673 2034 680 2059 :

498 2154 553 2189 De
574 2155 737 2189 Florisen

496 2218 584 2255 Don
605 2219 689 2254 sabs
708 2221 816 2265 nien,

600 2283 719 2319 Gabra
733 2284 854 2330 juglar
872 2283 902 2322 3,

170 2417 198 2448 1.
222 2416 262 2447 In
285 2415 440 2448 secunda
471 2418 582 2457 parte,
611 2426 680 2459 quo
709 2417 848 2449 facilius
877 2416 1182 2458 distinguerentur
1206 2415 1385 2446 Floventis
1414 2416 1448 2445 et
1475 2412 1676 2444 Flooventis

125 2469 282 2505 nomina,
305 2477 446 2509 semper
470 2468 641 2502 Floovant
662 2480 726 2512 per
746 2478 780 2506 α,
807 2479 878 2501 non
907 2479 970 2512 per
997 2478 1013 2501 a
1039 2469 1259 2510 scripsimus.
1286 2467 1431 2500 Flovenc
1454 2466 1548 2498 enim
1571 2465 1675 2498 modo

126 2522 321 2563 reperitur;
352 2521 518 2555 Floovent
549 2527 666 2557 autem
699 2527 733 2556 et
761 2523 932 2557 Floovant
961 2523 1123 2555 invenire
1149 2525 1217 2554 est.
1240 2521 1314 2553 Hac
1335 2521 1371 2552 in
1391 2522 1491 2562 parte
1510 2518 1674 2552 Floocent

125 2574 230 2607 modo
252 2574 415 2614 formam,
437 2580 476 2608 ut
494 2581 577 2617 pote
600 2577 850 2619 antiquiorem,
873 2576 1069 2609 afferimus.

166 2631 198 2662 ⁶2.
223 2631 262 2662 P.
287 2631 336 2662 63.

168 2684 198 2715 3.
224 2682 388 2718 Bartsch,
410 2681 627 2715 Denlcmaeler
648 2682 711 2715 der
734 2681 1051 2726 provenzalisclzen
1070 2679 1262 2719 Literatur,
1291 2680 1380 2716 1856,
1405 2688 1439 2720 p.
1474 2679 1525 2711 90.
1558 2696 1596 2700 —
1624 2678 1675 2708 De

129 2736 335 2768 nominibus
355 2735 520 2767 Flet-iven
541 2739 576 2767 et
594 2734 765 2777 Florisen,
785 2736 865 2768 ride
882 2736 985 2771 infra,
1007 2745 1042 2776 p-
1067 2734 1134 2771 108,
1155 2744 1190 2765 n.
1212 2734 1242 2765 4.
