1881 3104
746 119 1010 159 —147—

105 231 302 268 etJofreir
321 231 415 267 duos
447 231 634 278 principes
655 230 893 267 interfecere.
916 230 1055 266 Franci
1087 232 1202 265 etiam
1238 241 1278 265 se
1309 241 1451 276 suaque
1487 232 1656 277 apprime

108 297 350 333 defendentes
384 298 424 331 in
452 296 575 343 primo
616 307 804 331 concursu
834 300 1003 331 trecenta
1033 293 1089 344 (9)
1133 294 1329 330 Saxonum
1367 295 1655 331 obtruncarunt.

105 361 296 404 Gorbuan,
320 365 522 407 conspecta
541 371 696 396 suorum
716 370 840 406 strage
859 359 966 395 valde
986 362 1118 402 iratus,
1142 360 1255 396 celeri
1276 370 1372 406 equo
1394 359 1449 406 (h)
1468 360 1653 403 insidens,

106 437 228 462 unum
269 427 519 469 Francorum,
555 425 653 461 ferro
695 424 922 471 perfossum,
958 425 999 460 in
1041 430 1180 460 terram
1215 424 1369 471 dejecit;
1407 435 1513 469 Cujus
1547 424 1661 460 frater

106 503 241 528 necem
263 492 362 527 hanc
387 491 592 538 aspiciens,
614 490 752 525 frustra
772 490 1013 526 Corbuanem
1045 489 1156 526 hasta
1185 490 1355 525 sauciare
1388 489 1561 524 tentavit.
1586 487 1659 524 Ar-

107 563 258 593 matura
277 558 378 592 enim
411 556 493 603 ejus
514 555 644 591 onmia
664 556 738 590 tela
769 555 968 601 respuebat
991 566 1000 590 ;
1029 565 1120 590 mox
1140 561 1177 590 et
1194 554 1294 589 idem
1315 554 1424 589 hasta
1450 552 1660 589 Corbuanis

108 621 288 668 trajectus
312 620 357 668 (i)
384 620 602 667 exspiravit.
625 620 707 663 Quo
728 620 826 656 facto
845 620 1021 655 Corbuan
1044 619 1189 666 ingenti
1209 620 1373 655 clamore
1404 617 1631 654 vociferatur
1651 630 1658 654 :

107 685 281 732 Stragem
302 690 522 721 nostrorum
541 685 833 721 vindicabimus.
856 686 956 720 Tum
967 685 1137 720 Saxones
1153 684 1354 719 alacriores
1373 683 1474 727 facti,
1493 694 1569 718 uno
1585 683 1662 718 fere

107 757 304 787 momento
321 750 476 796 triginta
495 749 547 799 (Is)
563 751 797 786 Francorum
814 749 1062 786 trucidarunt.
1083 747 1137 784 At
1158 748 1322 784 Flovent
1339 755 1503 784 mortem
1524 749 1574 794 (p.
1597 747 1660 797 51}

107 827 263 852 suorum
296 815 458 858 ulturus,
483 815 643 850 subditis
664 815 871 850 calcaribus
894 826 931 849 in
952 813 1149 850 Saxonum
1169 813 1290 849 aciem
1317 813 1394 848 acri
1429 814 1576 859 impetu
1598 815 1660 848 in-

104 880 253 922 volans,
271 879 318 914 ad
338 885 542 925 utrumque
558 879 656 914 latus
679 880 832 914 verbera
847 884 885 914 et
901 879 1029 925 plagas
1050 880 1223 924 ingessit,
1247 877 1340 913 adeo
1360 882 1402 913 ut
1421 878 1581 924 quisque
1595 878 1656 925 qui

106 945 188 980 haec
217 951 392 980 cerneret
411 943 637 980 Florentem
667 944 909 989 antesignani
938 943 1136 979 fortissimi
1165 943 1313 979 vicibus
1334 942 1439 989 fungi
1460 943 1563 978 omni
1595 954 1661 978 as-

109 1010 346 1045 severatione
376 1008 594 1044 affirmaret.
634 1009 702 1044 Illo
731 1009 872 1054 impetu
904 1008 1042 1044 Franci
1074 1014 1227 1043 centuni
1256 1007 1452 1043 Saxonum
1490 1009 1569 1043 vita
1596 1019 1660 1044 or-

108 1075 259 1110 barunt.
283 1072 460 1110 Corbuan
481 1075 561 1108 visa
581 1074 728 1119 ingenti
755 1084 891 1119 Strage,
917 1084 1029 1120 quam
1050 1073 1211 1108 Flovent
1231 1072 1358 1108 ederet
1381 1071 1438 1120 (l),
1462 1072 1660 1108 Gallorum
1701 1096 1707 1101 -

109 1138 298 1186 quendam
327 1138 547 1184 praefectum
582 1137 674 1172 duas
704 1139 744 1172 in
777 1143 903 1184 partes
935 1137 1130 1181 dissecuit,
1155 1138 1215 1172 his
1242 1137 1377 1172 additis
1408 1137 1565 1172 verbis:
1603 1138 1661 1173 Ne

108 1203 289 1246 timeatis,
324 1203 472 1250 inquit,
505 1202 745 1238 Mahumetes
781 1203 855 1237 illis
891 1205 1090 1238 irascatur.
1114 1203 1207 1238 Haec
1238 1204 1407 1238 elocutus
1444 1202 1573 1238 deceni
1598 1207 1660 1245 (m)

109 1269 255 1315 equites
277 1272 398 1303 morte
418 1268 556 1303 affecit.
580 1267 717 1302 Franci
735 1267 816 1303 haec
835 1268 1128 1314 conspicienteS‚
1147 1267 1463 1313 Corbuanemque
1481 1267 1660 1303 timentes

108 1332 302 1369 FlovenLiS
323 1322 505 1367 auxilium
523 1332 738 1378 implorant,
763 1333 828 1378 qui
846 1332 947 1367 illico
968 1331 1145 1376 accurrit,
1164 1342 1250 1367 cuin
1266 1342 1309 1366 eo
1328 1330 1575 1366 dimicaturus
1592 1336 1657 1373 (nl.

150 1486 195 1524 (9)
217 1483 274 1516 Sic
294 1483 322 1514 B
338 1483 385 1520 C;
410 1483 472 1515 sed
488 1484 521 1515 A
543 1483 573 1514 D
599 1486 632 1515 et
652 1483 677 1513 F
703 1495 709 1514 ε
736 1487 890 1515 centum.

148 1536 199 1579 (Ιι)
222 1537 265 1568 F:
289 1537 406 1569 colore
427 1537 522 1569 luteo
544 1539 599 1568 vel
623 1537 796 1569 subtliim.

149 1590 187 1628 (i)
211 1590 242 1621 A
273 1590 302 1621 D
334 1594 369 1622 et
400 1589 450 1621 F:
476 1593 510 1622 ct
532 1590 636 1632 longe
667 1591 711 1621 ab
744 1599 834 1632 equo
867 1591 1060 1631 projectus,
1085 1590 1122 1621 in
1147 1599 1272 1623 saxum
1308 1592 1486 1633 quoddam
1522 1591 1660 1634 incidit,

107 1643 202 1685 quod
225 1643 257 1675 ei
275 1652 355 1675 curn
379 1643 452 1674 vita
471 1644 645 1675 cervicem
665 1643 813 1685 etfregit.

149 1695 197 1737 (k)
220 1695 277 1728 Sic
303 1696 330 1727 B
352 1699 387 1728 et
409 1696 453 1733 C;
479 1696 556 1728 atA
580 1697 609 1727 D
633 1696 658 1727 F
679 1711 685 1727 :
706 1706 774 1733 xx3
802 1699 976 1728 coeterum
999 1697 1081 1729 vide
1105 1698 1158 1728 lit.
1187 1701 1254 1737 (n.)

153 1748 191 1789 (l)
223 1748 269 1780 F:
296 1748 435 1780 hastam
455 1758 557 1781 suam
586 1749 622 1780 in
643 1750 772 1790 equitis
801 1750 988 1791 cujusdam
1019 1750 1063 1782 de
1095 1749 1315 1782 Normandia
1337 1754 1481 1792 pectore
1504 1752 1664 1788 intinxit,

111 1802 185 1834 ictu
202 1810 266 1842 per
288 1803 430 1833 scutum
453 1805 488 1833 et
506 1802 651 1834 loricam
673 1802 808 1834 adacto.

150 1855 213 1895 (m)
236 1854 268 1886 A
293 1853 322 1885 D
347 1853 374 1884 F
394 1865 401 1884 :
426 1863 538 1885 unum
562 1854 740 1895 quendam
762 1855 918 1896 equitem
938 1855 1094 1888 Gallum.

150 1909 202 1948 (n)
227 1906 461 1948 Exemplaria
484 1906 759 1940 membranacea
782 1908 807 1940 A
826 1910 855 1940 et
879 1907 908 1940 F
926 1910 957 1940 ec
992 1908 1131 1941 charta.
1170 1910 1194 1941 D
1218 1908 1289 1942 hirc
1312 1919 1334 1942 α
1355 1911 1460 1943 litera
1484 1911 1533 1951 (Is)
1559 1920 1668 1954 usquc

108 1960 156 1993 ad
180 1960 324 1993 literam
344 1961 396 1999 (n)
418 1959 525 1992 aliter
557 1960 719 2001 tradunt,
747 1961 962 2002 qmbusdam
985 1961 1129 2002 additis,
1155 1964 1186 1995 et
1215 1964 1404 1996 nonnullis
1426 1964 1536 2007 paulo
1561 1965 1667 1998 inra-

109 2014 214 2046 riatis
247 2024 256 2045 :
284 2012 434 2044 Flovent
455 2014 510 2045 his
531 2014 627 2049 visis,
652 2014 754 2046 val-lc
772 2018 969 2046 commotus
990 2024 1072 2046 suos
1093 2015 1298 2047 cohortatus
1321 2020 1374 2048 est
1397 2031 1403 2047 :
1427 2017 1664 2051 Ulciscamur,

110 2067 238 2108 inquit,
264 2068 415 2098 mortem
446 2069 662 2098 nostrorum.
685 2067 774 2098 Tum
802 2068 923 2099 multa,-
948 2068 1058 2109 galeae
1089 2072 1123 2099 et
1153 2068 1269 2100 loricae
1295 2069 1417 2101 diffisa·
1439 2073 1473 2101 et
1496 2070 1667 2111 disruptae

113 2122 198 2151 sunt
225 2118 286 2156 [Fz
311 2127 391 2159 quae
415 2119 472 2150 cui
495 2120 653 2160 aspicere
683 2120 834 2156 licuerit,
870 2124 1052 2161 stuporem
1083 2121 1241 2162 profecto
1275 2122 1523 2158 incussissent,
1553 2123 1669 2164 inquit

108 2172 203 2213 Mag.
228 2171 378 2212 Simoni.
396 2171 486 2204 Tum
508 2172 656 2204 Flovent
678 2173 867 2205 Etlmicum
891 2173 1070 2215 quendam
1094 2174 1195 2215 galea
1222 2178 1257 2206 et
1289 2174 1400 2206 lorica
1422 2176 1601 2207 munitum
1631 2177 1667 2208 in

111 2225 201 2256 duas
233 2229 354 2266 partes
377 2225 493 2266 gladio
517 2225 646 2261 divisit,
671 2236 741 2268 quo
764 2228 839 2259 viso
863 2226 1022 2258 Saxones
1047 2226 1213 2258 collocuti
1245 2240 1252 2258 ε
1278 2227 1335 2260 hie
1362 2234 1415 2260 cst
1435 2228 1511 2270 ille,
1533 2229 1575 2261 de
1598 2238 1667 2270 quo

109 2277 227 2319 Reges
251 2277 365 2309 nostri
397 2279 652 2319 querebantur.
688 2279 813 2312 Macon
847 2289 954 2321 super
983 2280 1085 2311 illum
1122 2281 1212 2312 iram
1236 2279 1394 2313 effundat
1426 2290 1551 2319 suam,
1586 2283 1669 2324 quia

109 2339 215 2363 nemo
250 2330 301 2361 illi
325 2339 517 2363 occurrens
551 2332 658 2363 vitam
683 2333 862 2364 retinebit.
898 2333 936 2364 ln
970 2333 1037 2365 hoc
1060 2333 1184 2374 praelio
1209 2334 1259 2371 (ut
1281 2335 1461 2366 memoria:
1489 2335 1668 2376 proditum

51 2421 57 2431 ⁸
111 2384 191 2423 est),
224 2382 400 2414 tremendi
433 2383 506 2415 ictu
542 2387 575 2416 et
606 2385 720 2427 plaga:-
744 2386 951 2427 neutiquam
976 2386 1132 2418 defuere.
1156 2386 1314 2419 Saxones
1341 2388 1435 2419 enim
1460 2398 1567 2429 supra
1598 2397 1667 2420 ccc.

112 2436 326 2472 occubuere,
345 2436 519 2478 multique
543 2438 587 2470 ad
607 2442 757 2470 mortem
777 2439 970 2471 vulnerati.
992 2439 1128 2471 Verum
1151 2439 1310 2477 Flovent,
1331 2440 1533 2473 districtum
1547 2450 1668 2473 ensem

111 2488 270 2520 Jovisem
285 2489 478 2530 quassavit,
500 2494 638 2523 cunctis
652 2493 766 2524 obviis
783 2495 896 2524 morte
916 2492 1126 2524 timendum.
1146 2493 1213 2526 Hic
1234 2494 1355 2526 hostes
1373 2495 1524 2529 irruens,
1547 2495 1666 2526 caesim

112 2543 147 2573 et
173 2542 348 2582 punctim,
380 2551 630 2585 quemcunque
672 2547 737 2577 etsi
774 2545 972 2584 loricatum)
996 2546 1173 2583 vulnerat,
1205 2547 1412 2588 neminique
1453 2547 1541 2579 adeo
1586 2548 1665 2579 forti

117 2595 285 2631 occurrit,
296 2597 335 2626 ut
354 2604 434 2626 cum
448 2604 487 2627 eo
504 2605 664 2638 pugnare
681 2607 790 2630 ausus
804 2597 922 2630 suerit.
936 2598 1051 2629 Parvo
1063 2599 1233 2640 temporis
1249 2603 1382 2640 puncto
1398 2600 1495 2631 solus
1511 2609 1541 2632 e.
1554 2600 1667 2633 Saxo—

110 2655 176 2678 nes
197 2647 434 2679 obtruncavit.
458 2648 610 2691 Jamque
627 2650 735 2692 Regis
763 2650 856 2682 filius
874 2651 965 2682 hanc
989 2655 1145 2692 stragem
1172 2661 1254 2683 cum
1272 2652 1430 2689 vidisset,
1458 2662 1541 2685 suos
1574 2654 1666 2685 inci-

116 2702 210 2735 tans,
235 2699 382 2731 Francis
416 2710 564 2743 parcere
595 2707 706 2740 vetat;
746 2704 821 2745 ipse
854 2713 938 2737 vero
973 2714 1131 2746 pugnam
1164 2706 1336 2737 acerrime
1371 2706 1481 2742 ciens,
1515 2706 1672 2748 gladium

113 2760 228 2789 suum,
264 2753 302 2784 in
336 2757 481 2796 pectore
515 2757 700 2799 cujusdam
733 2759 952 2790 occurrentis
984 2758 1111 2790 Franci
1142 2759 1308 2800 tepefacit
1340 2758 1395 2801 [F
1423 2757 1535 2795 addit,
1563 2762 1601 2790 ut
1630 2760 1664 2790 in
