1881 3104
780 135 1044 177 —102—

128 248 349 288 Fioventis
381 252 654 299 argumento,
680 252 842 300 quanta
874 249 1107 288 calliditate
1139 249 1337 296 dubium,
1373 252 1587 288 assueret.
1625 249 1687 290 De

128 313 306 364 Sigurdi
326 313 475 352 fabula
486 313 593 352 nihil
609 314 744 364 igitur
757 313 1049 364 colligendum
1067 317 1148 361 est,
1163 314 1323 365 quippe
1339 325 1432 364 quae
1447 313 1555 352 nihil
1571 315 1687 354 aliud

130 391 260 430 quam
294 378 517 418 inventum
551 391 706 430 poema
740 391 838 418 cum
871 379 1093 419 Floventis
1119 382 1375 430 arg1.1mento
1407 381 1687 430 conjunctum

131 448 365 495 supponat

183 507 269 547 Sed
290 521 376 547 non
397 508 457 546 ita
475 508 526 547 de
549 508 773 548 Floventis
804 522 925 561 saga,
949 513 992 549 et
1012 510 1063 549 de
1081 510 1332 549 Flooventis
1352 509 1687 560 Flooventisque

128 571 224 612 filiae
255 573 482 623 poematis,
514 585 607 624 quae
630 574 874 625 primitivas
902 575 1075 613 fabulas
1093 574 1280 625 genuine
1313 574 1523 612 referunt.

181 637 243 675 De
259 637 510 677 Flooventis
524 638 614 678 filia
629 643 831 690 poemata
847 651 1032 690 quorum
1050 638 1306 677 memoriam
1320 638 1684 678 servavitJohan-

124 701 191 740 nis
209 701 377 741 Bodelli
397 703 672 754 prooemium,
692 704 819 742 bellis
837 715 930 754 quae
945 703 1138 743 Francos
1155 703 1268 742 inter
1284 707 1325 742 et
1341 702 1583 743 Germanos
1602 703 1684 743 sub

126 767 308 818 regibus
343 768 617 820 Merovingis
658 772 699 807 et
732 769 886 820 primis
925 769 1166 820 Carolingis
1187 768 1438 815 saeviebant,
1471 768 1683 807 alludunt.

127 830 266 879 Quam
302 832 493 872 vidimus
534 833 782 872 fabulosam
823 846 977 885 regum
1019 833 1348 872 successionem
1381 846 1404 872 a
1435 833 1685 879 Floovente‚

127 896 335 936 Cloovisii
357 897 460 945 filio,
487 910 628 949 usque
651 899 703 937 ad
728 898 932 938 Carolum
953 899 1181 949 Magnum,
1200 911 1250 937 ea
1266 911 1353 937 non
1373 902 1511 949 poetae
1534 898 1685 936 inven-

125 961 232 1001 tioni
264 963 541 1002 attribuenda
569 967 648 1010 est,
688 964 766 1003 sed
800 964 1036 1015 populares
1069 964 1241 1003 fabulas
1263 964 1430 1003 redolet
1450 968 1491 1002 et
1511 963 1687 1014 prodit;

127 1026 259 1065 hocce
295 1027 410 1066 enim
442 1028 571 1067 modo
592 1028 761 1067 narrari
783 1028 898 1080 apud
919 1028 1130 1080 populum
1163 1040 1400 1080 regnorum
1421 1028 1689 1067 mutationes

126 1091 360 1142 magnique
384 1104 513 1131 casus
537 1093 694 1131 solent.

180 1156 305 1204 Quod
333 1157 385 1195 ad
420 1157 670 1196 Flooventis
704 1157 877 1196 fabulas
899 1158 1225 1208 Floventisque,
1262 1157 1306 1196 in
1328 1157 1391 1196 eis
1414 1157 1692 1208 agnoscenda

128 1226 194 1261 est
215 1222 333 1272 regis
355 1221 604 1273 Merovingi
636 1222 805 1273 poetica
834 1222 1032 1261 historia.
1059 1222 1113 1262 Et
1133 1222 1322 1274 primum
1357 1223 1408 1261 de
1437 1222 1687 1262 Floovente.

180 1286 412 1334 Floovens‚
439 1286 647 1326 Cloovisii
670 1286 801 1332 filius,
820 1287 1001 1326 barbam
1024 1287 1280 1338 praeceptori
1299 1287 1472 1334 tondet;
1494 1287 1618 1326 exsul
1636 1288 1689 1326 ad

128 1353 272 1392 aulam
293 1352 412 1403 regis
428 1352 545 1390 Ausae
567 1365 647 1391 seu
668 1352 791 1399 Alsze,
817 1353 860 1391 id
884 1358 951 1391 est
981 1352 1159 1393 Alsatiae
1190 1354 1258 1392 vel
1281 1352 1524 1392 Austrasiae
1551 1352 1686 1403 fugit;

127 1419 408 1459 Austrasiam
446 1431 469 1456 a
502 1418 702 1456 barbaris
724 1418 978 1457 Sarracenis
999 1418 1158 1457 liberat
1185 1430 1192 1456 :
1231 1418 1516 1457 Sarracenam
1547 1421 1690 1456 tamen

127 1496 308 1523 uxorem
336 1482 454 1522 ducit
475 1482 673 1533 reditque
698 1483 740 1521 in
762 1482 1006 1529 Franciam,
1033 1483 1145 1534 patri
1167 1484 1294 1522 heres
1317 1495 1628 1522 successurus.

180 1549 227 1587 ln
262 1548 515 1588 Sarracenis
551 1548 676 1586 facile
724 1548 982 1595 Germanos,
1019 1548 1214 1587 Saxones
1249 1561 1478 1599 agnoscas.
1522 1549 1693 1587 Etenim

127 1613 356 1653 Sarraceni
400 1612 542 1651 medio
584 1625 675 1652 aevo
711 1614 826 1664 apud
863 1617 1039 1652 nostros
1073 1619 1290 1651 trocatm‘es
1325 1625 1553 1652 commune
1600 1625 1694 1652 om—

126 1679 247 1718 nium
269 1679 558 1718 barbarorum
585 1690 744 1717 nomen
766 1678 862 1717 fuit.
896 1678 1124 1717 Sarraceni
1147 1681 1292 1717 autem
1314 1678 1387 1716 isti
1411 1678 1455 1716 in
1484 1678 1693 1717 Orientali

127 1744 314 1783 Franciae
336 1746 457 1795 parte
487 1743 602 1782 bella
629 1747 809 1794 gerunt;
835 1744 879 1782 in
901 1743 1103 1782 Rhenum
1126 1743 1452 1795 praecipitantur
1485 1743 1512 1790 1,
1549 1743 1695 1782 civita-

128 1814 215 1850 tem
246 1808 447 1860 Beaufort
479 1808 675 1860 (Belfort)
707 1809 889 1859 aggredi
924 1810 1140 1856 tentant2‚
1165 1820 1315 1859 regem
1341 1807 1520 1847 Alsatiae
1553 1809 1697 1848 laces-

127 1878 243 1915 sunt.
271 1873 480 1913 Galienus
505 1873 714 1913 Cloovisii
748 1872 850 1912 filiis
877 1873 1177 1925 proditoribus
1199 1873 1428 1924 praemium
1462 1873 1695 1912 Saxoniam

127 1939 254 1979 offert
273 1940 303 1977 3.
336 1939 463 1978 Unus
497 1951 651 1989 regum
684 1938 975 1978 barbarorum
1005 1939 1050 1977 in
1083 1939 1328 1978 hollandico
1357 1938 1603 1989 fragmento
1628 1942 1698 1979 est

125 2005 377 2044 Justamont
395 2005 432 2051 4;
460 2004 703 2043 secundum
735 2007 880 2043 autem
908 2004 1013 2044 Joh.
1041 2004 1285 2051 Bodellum,
1314 2003 1566 2042 Jostamont
1597 2003 1694 2055 ipse

127 2070 349 2110 Saxonum
381 2070 468 2109 dux
495 2069 609 2109 bella
643 2082 741 2109 cum
774 2069 1010 2108 Floovente
1039 2069 1166 2120 gerit.
1196 2069 1403 2117 Tandem,
1427 2070 1543 2120 quod
1571 2070 1691 2109 litem

127 2135 306 2182 dirimit,
332 2135 376 2174 in
410 2135 632 2174 Floventis
657 2135 819 2182 fabula,
845 2135 897 2174 de
932 2134 1180 2173 Saxonibus
1211 2134 1356 2185 agitur
1376 2136 1405 2172 5.
1432 2135 1557 2174 Patet
1587 2148 1691 2187 ergo

126 2201 266 2241 nostri
296 2200 512 2252 poematis
546 2200 803 2252 scriptorem
843 2201 1080 2251 quidquam
1114 2199 1158 2238 in
1198 2200 1369 2239 traditis
1405 2203 1619 2248 mutasse,
1652 2205 1695 2240 et

128 2367 205 2408 ipsa
223 2365 385 2398 versione
403 2373 511 2407 quam
529 2364 765 2397 imitationem
787 2366 891 2399 modo
908 2375 986 2399 esse
1007 2365 1123 2398 libens
1143 2366 1318 2407 suspicer,
1341 2376 1451 2409 quum
1481 2367 1519 2398 in
1538 2375 1580 2399 ea
1600 2374 1694 2408 quae-

128 2419 209 2452 dam
227 2419 457 2451 inveniantur
476 2425 553 2460 quae
570 2418 782 2451 islandicam
799 2420 974 2461 originem
994 2419 1179 2451 redoleant
1196 2431 1202 2450 :
1222 2419 1397 2461 quasdam
1416 2428 1589 2462 personas
1607 2419 1691 2452 huic

129 2481 222 2514 saga}
263 2477 297 2505 et
333 2481 428 2514 sagae
457 2471 641 2504 islandicae
672 2471 715 2504 de
743 2472 866 2514 Agnar
899 2481 1107 2505 communes
1135 2481 1214 2505 esse
1242 2473 1288 2504 ad
1319 2482 1377 2506 me
1402 2473 1527 2505 scribit
1549 2472 1689 2515 Sophus

127 2525 266 2568 Bugge.

171 2580 202 2610 1.
234 2579 325 2612 Yide
344 2588 463 2621 supra,
489 2589 524 2621 p.
547 2580 598 2612 37.

167 2632 198 2663 ς),
225 2632 317 2664 Ibid.

168 2687 198 2719 3.
379 2687 481 2720 Done
496 2688 550 2720 lor
564 2689 598 2721 ai
620 2688 810 2731 Sassoigne
833 2691 868 2720 et
888 2688 998 2720 l'enor
1015 2688 1076 2730 qui
1095 2688 1192 2722 atien
1209 2697 1252 2722 vv.
1271 2687 1381 2725 2436).

169 2739 202 2771 4.
226 2738 315 2771 Vide
334 2749 455 2782 supra,
473 2751 508 2783 p.
532 2742 587 2774 41.

167 2794 197 2824 5.
228 2792 314 2825 Vide
332 2793 436 2830 infra,
457 2804 492 2836 p.
518 2796 586 2830 133,
609 2798 643 2828 et
665 2805 741 2838 sqq.
