1881 3104
882 123 1113 164 -70—

219 234 390 274 Othune
409 237 450 274 et
463 234 672 274 Gofreido
693 234 939 286 (armigeris
959 234 1002 272 in
1023 234 1197 283 island,
1222 235 1498 275 consobrinis
1512 235 1555 274 in
1576 235 1778 288 italian.),

218 312 329 351 quos
361 299 646 352 prosequitur
675 299 915 350 imperator
951 311 1062 350 equo
1103 300 1368 352 (Mam-emma
1395 300 1439 339 in
1474 301 1561 348 isl.,
1600 300 1644 339 in
1683 301 1773 339 ital.

216 365 396 418 Jorzseuse,
429 378 657 417 perperam
678 364 870 416 quidem)
890 365 1114 414 invectus;
1140 367 1218 406 sed
1245 379 1268 405 a
1288 368 1445 418 nepote
1466 366 1671 414 vincitur,
1702 367 1776 418 qui

220 443 330 482 equo
354 433 479 482 rapto
506 429 691 481 aufugit.
781 482 786 487 Ι

270 495 319 534 In
351 498 537 545 utroque
570 498 658 534 tres
683 497 871 546 Juvenes
895 495 978 535 iter
998 500 1188 548 pergunt
1217 499 1259 535 et
1280 496 1471 536 eremitae
1498 496 1676 536 domum
1699 509 1776 549 pe-

220 564 315 599 tunt
335 559 424 610 qui,
450 561 502 599 ab
523 560 691 612 Angelo
714 561 921 610 monitus,
941 561 1196 601 Floventem
1217 561 1435 613 (Fiovum)
1458 562 1547 601 fata
1567 563 1706 610 docet,
1735 566 1778 602 et

218 624 409 663 Florenti
431 625 672 677 (Fiorenze)
695 626 787 677 regi
810 626 1074 665 Francorum
1099 640 1123 665 a
1143 626 1391 665 Saxonihus
1414 627 1602 667 obsesso
1632 628 1777 679 opitu-

216 691 408 729 laturum
430 691 576 730 mittit.
601 691 650 729 In
677 691 834 730 island.
870 691 1059 731 diversis
1088 692 1222 731 armis
1254 692 1440 731 donatur
1467 692 1662 741 Flovent,
1691 705 1778 731 non

218 758 363 794 autem
391 756 433 794 in
454 755 630 794 italiano
654 756 832 809 Fiovus,
861 756 1022 808 quippe
1043 756 1115 807 qui
1139 757 1277 796 Roma
1298 760 1493 797 armatus
1519 757 1775 796 decesserit.

216 820 425 859 Italianus
444 820 576 867 addit,
596 824 771 871 peracto
789 820 949 868 officio,
975 821 1141 868 obiisse
1165 822 1406 860 eremitam.

270 885 318 924 In
346 889 531 936 utroque
567 888 654 924 tres
678 888 875 936 juvenes,
900 887 1003 925 dum
1035 887 1119 926 iter
1139 890 1340 938 pergunt,
1369 887 1576 926 loricatos
1609 886 1780 938 equites

218 952 276 1001 (iv
298 950 339 988 in
361 950 536 998 island„
560 963 619 989 ΧΠ
653 951 845 990 latrones
877 951 920 989 in
947 951 1055 1002 ital.)
1078 952 1317 1003 profligant
1341 955 1383 991 et
1410 953 1639 992 castellum
1667 965 1692 990 a
1716 952 1779 990 la-

219 1019 341 1054 trone
366 1006 571 1067 (Fabrz'no',
595 1015 772 1068 island.)
795 1017 1027 1056 defensum
1049 1018 1229 1065 adeunt,
1254 1018 1297 1056 in
1324 1030 1409 1068 quo
1432 1030 1479 1056 se
1514 1017 1781 1057 christianos

218 1093 317 1120 esse
347 1081 554 1132 professi,
588 1082 882 1121 lacessuntur.
919 1082 1136 1122 Fabrinus
1177 1086 1323 1122 autem
1362 1083 1476 1122 inter
1498 1083 1783 1135 pugnandum

217 1146 498 1186 interimitur.

270 1212 318 1250 In
340 1214 526 1263 utroque
545 1213 696 1251 eadem
713 1213 764 1252 de
780 1213 928 1253 Ansaei
951 1214 1184 1266 (Ansoigi),
1209 1214 1431 1254 Floventis
1455 1213 1608 1267 (Fiovi)
1632 1225 1783 1252 conso-

218 1278 359 1325 brino,
397 1277 440 1316 in
474 1277 727 1317 sodalitium
757 1282 948 1330 accepto,
977 1284 1180 1318 narratur
1201 1280 1363 1327 sabula,
1402 1284 1445 1319 et
1464 1280 1516 1319 de
1541 1279 1780 1318 Sarraceno

218 1355 394 1382 cervum
433 1342 625 1394 agitante
666 1346 707 1382 et
741 1347 962 1382 certamen
1002 1357 1099 1383 cum
1138 1345 1345 1384 Flovente
1381 1345 1547 1397 (Fiovo)
1586 1345 1779 1384 ineunte.

217 1409 411 1447 Tandem
446 1420 525 1459 per
554 1407 737 1447 Galliam
771 1409 854 1447 iter
885 1410 1081 1457 tendunt,
1114 1410 1352 1450 Orlientem
1389 1410 1492 1462 (isl.)
1525 1413 1599 1449 aut
1629 1409 1784 1449 Provi—

216 1486 321 1513 num
357 1473 481 1525 (ital.)
514 1476 755 1521 transeunt,
783 1477 825 1512 et
850 1475 1047 1514 Parisios
1083 1476 1244 1514 adeunt
1265 1488 1452 1526 quorum
1473 1478 1624 1527 portas
1645 1487 1784 1514 roma-

216 1540 285 1578 nis
306 1539 529 1590 equitibus
552 1539 721 1590 aperire
742 1544 918 1578 recusat
933 1540 1113 1591 Janitor.
1140 1541 1276 1579 Addit
1296 1541 1499 1580 italianus
1523 1541 1575 1579 ab
1605 1540 1669 1579 eis
1693 1545 1781 1578 tre-

217 1607 367 1644 centos
397 1606 622 1657 profligari
652 1605 935 1653 Sarracenos,
966 1606 1210 1645 admirante
1244 1606 1295 1645 dc
1318 1606 1478 1658 palatio
1511 1606 1782 1645 Francorum

217 1682 320 1721 rege
349 1669 574 1709 Fiorenze.

272 1734 409 1782 Quam
434 1735 583 1774 stricte
609 1735 765 1782 adhuc,
801 1735 844 1773 in
868 1735 1006 1786 prima
1038 1736 1206 1774 scilicet
1227 1736 1385 1775 fabulae
1417 1738 1555 1787 parte,
1588 1735 1703 1774 inter
1735 1747 1783 1774 se

219 1801 461 1850 congruant
493 1800 621 1838 ambo
656 1803 817 1847 textus,
850 1801 1061 1839 lectorem
1092 1813 1178 1839 non
1198 1800 1326 1852 fugit.
1352 1800 1415 1839 De
1435 1800 1631 1840 minimis
1653 1801 1782 1840 modo

219 1864 487 1915 discrepant.

271 1930 320 1969 In
332 1930 499 1981 reliqua
519 1930 680 1977 sabula,
706 1930 974 1981 comparatio
996 1930 1110 1970 inter
1128 1930 1287 1970 island.
1313 1933 1356 1970 et
1376 1931 1465 1970 ital.
1491 1931 1670 1970 difficile
1691 1931 1783 1970 ins-

218 1995 404 2034 tituatur
425 2008 558 2046 quum
580 2008 753 2035 summa.
779 1996 908 2034 modo
943 1996 1207 2050 narrationis
1244 2001 1475 2048 congruat.
1514 1997 1562 2035 In
1593 2001 1781 2047 utroque

217 2060 466 2100 invenimus
489 2061 704 2100 Salatrem
726 2061 925 2101 Saxoniae
946 2074 1111 2113 regem,
1137 2062 1210 2113 qui
1234 2061 1427 2101 Corbolii
1455 2066 1600 2101 castra
1622 2074 1782 2113 posue-

219 2130 307 2174 rat,
343 2127 525 2177 longum
559 2139 658 2166 cum
692 2126 960 2166 Francorum
989 2139 1091 2178 rege
1120 2127 1325 2166 Florente
1355 2127 1598 2179 (Fiorenze)
1629 2139 1783 2178 gerere

218 2193 407 2238 bellunm
430 2191 544 2230 inter
559 2193 844 2244 pugnandum
867 2192 1085 2232 Othunem
1118 2206 1142 2231 a
1167 2192 1422 2232 Sarracenis
1445 2196 1636 2244 captum,
1660 2191 1784 2231 Mar-

221 2257 376 2296 sibillae
389 2256 571 2297 Salatris
590 2257 689 2298 ffliae
709 2258 1011 2306 commissum,
1034 2259 1086 2298 ab
1110 2272 1172 2306 ea,
1197 2259 1421 2298 Floventis
1446 2257 1592 2310 (Fiovi)
1617 2269 1782 2304 amore,

221 2334 318 2362 cum
356 2322 483 2361 donis
523 2323 756 2362 dimissum
799 2336 921 2371 esse;
958 2324 1212 2363 Floventem
1249 2323 1466 2375 (Fiovum)
1497 2323 1630 2361 filiam
1663 2321 1783 2373 regis

220 2387 487 2427 Francorum
509 2391 814 2439 aspernatum;
840 2388 1145 2428 Corsablinum
1169 2389 1334 2428 interea
1355 2402 1378 2428 a
1395 2389 1601 2428 Flovente
1615 2385 1782 2438 <Fiov0)

219 2453 516 2499 vulneratum,
543 2455 731 2504 captum,
753 2453 935 2492 comiter
955 2454 1176 2502 hahitum;
1201 2454 1384 2494 Salatris
1408 2453 1522 2492 filios
1544 2451 1638 2503 regi
1659 2451 1781 2490 auxi-

220 2516 374 2565 liatos3
399 2520 501 2569 post
519 2517 666 2557 varios
688 2517 848 2557 Martis
882 2518 1036 2557 incerti
1067 2531 1211 2566 casus,
1249 2519 1462 2558 Salatrem
1489 2517 1709 2557 devictum
1741 2517 1784 2554 et

223 2585 416 2632 captum;
442 2583 695 2622 Corbolium
714 2583 813 2634 igne
828 2583 996 2622 etferro
1010 2596 1034 2622 a
1049 2583 1228 2623 Francis
1251 2584 1467 2631 dirutum;
1491 2580 1782 2622 Marsibillam

223 2646 471 2688 christiana}
493 2648 594 2687 fidei
615 2648 798 2688 accitam
822 2661 845 2686 a
870 2648 1078 2687 Flovente
1101 2662 1281 2688 uxorem
1305 2650 1492 2696 ductam,
1528 2650 1570 2686 et
1601 2646 1784 2686 Floven-

224 2717 310 2750 tem
351 2713 537 2762 tandem,
576 2708 787 2765 occupato
830 2713 1047 2754 Florentis
1087 2714 1353 2767 (Fiorenze)
1391 2712 1607 2754 interfecti
1626 2724 1781 2763 regno,

223 2776 450 2816 Franciam
473 2778 525 2816 ad
545 2778 636 2817 ’veri
658 2778 738 2817 Dei
760 2779 922 2818 cultum
945 2779 1173 2819 adducere.
