1881 3104
758 81 991 120 ,31-

80 195 172 244 Jam
191 193 330 242 Rajna
348 191 392 229 in
413 203 493 230 suo
512 191 639 238 libro,
663 202 926 241 quamquam
946 202 1033 228 non
1053 192 1184 236 recte,
1208 191 1257 227 ut
1282 200 1394 235 reor,
1423 187 1642 238 interpre-

88 260 218 305 tatus,
240 256 454 296 disseruit
475 256 508 294 1.

140 322 260 360 Hanc
292 320 645 371 disquisitionem
677 319 869 359 breviter
906 322 1171 371 repetamus.
1209 316 1477 357 Parisiensis
1512 318 1647 356 codex

84 385 339 426 vetustioris
374 385 594 435 exemplar
621 386 688 422 est
718 387 861 423 textus
893 396 1022 435 quem
1058 383 1102 421 in
1133 381 1413 421 conficiendis
1451 381 1646 420 Franciae

87 450 239 501 Regiis
262 452 440 489 secutus
464 452 530 488 est
549 449 760 488 Andraeas
784 449 836 488 de
857 448 1112 495 Barbarino,
1137 451 1179 486 et
1199 447 1284 486 iste
1317 446 1454 485 codex
1488 449 1531 485 et
1558 448 1647 496 raj-

85 515 235 554 nensis
269 515 321 553 ab
356 514 562 567 anteriori
582 526 714 565 prosa
735 514 929 553 oratione
953 513 1114 564 scripto
1141 524 1271 563 opere
1304 511 1491 550 derivati
1519 515 1646 561 sunt;

86 579 200 630 quod
228 592 252 617 a
279 579 624 618 franco-italiano
649 577 755 630 (non
778 576 948 630 gallico)
980 577 1193 628 scriptore
1223 589 1274 615 ex
1301 575 1436 615 variis
1470 575 1644 626 gallicis

84 644 298 695 poematis
327 644 371 683 in
401 656 535 683 unum
567 644 792 683 redactum
823 646 903 683 est.
943 643 1034 682 Hoc
1066 645 1210 681 autem
1243 641 1646 680 franco-italianum

84 720 194 759 opus
224 708 428 748 versibus
463 708 675 759 scriptum
706 708 860 756 fuisse,
892 710 939 747 ut
972 707 1144 746 codices
1179 706 1444 754 Marcianos,
1480 705 1644 745 verisi-

85 773 185 811 mile
207 774 275 811 est
293 773 325 812 2.

127 929 155 960 1.
178 928 220 960 P.
245 929 297 961 35.

122 982 154 1014 2.
187 982 267 1014 Non
302 986 422 1016 tamen
457 986 566 1015 totam
601 985 744 1016 omnino
781 985 1006 1026 explanatam
1041 985 1083 1016 de
1122 985 1406 1016 franco-italiam
1446 987 1565 1016 textus
1612 987 1647 1016 et

82 1036 257 1076 rajnensis
281 1038 315 1068 et
341 1037 547 1078 parisiensis
580 1037 711 1069 codicis
742 1038 879 1070 ratione
911 1038 1146 1080 quaestionem
1168 1038 1357 1073 affirmem;
1385 1044 1465 1080 quae
1497 1037 1644 1079 quidem

83 1088 274 1120 admodum
296 1090 467 1130 perplexa
490 1090 606 1122 adhuc
629 1093 799 1123 remanet.
825 1090 852 1122 E
871 1091 1088 1132 genealogiis
1112 1100 1192 1133 quie
1222 1091 1322 1123 Fiovi
1345 1091 1529 1122 historiam
1565 1099 1647 1122 cum

83 1141 302 1173 Floravantis
330 1142 479 1173 historia
511 1143 733 1184 conjungunt
764 1146 903 1175 constat
937 1144 1090 1184 primam
1113 1146 1148 1175 et
1177 1143 1375 1175 secundam
1410 1145 1549 1184 partem
1583 1151 1646 1173 eo-

85 1193 172 1225 111013
195 1195 403 1235 parisiensis
425 1195 470 1226 al)
494 1205 564 1227 11110
598 1200 633 1227 et
667 1195 791 1227 eodem
824 1196 1000 1228 anteriore
1021 1200 1120 1228 textu
1144 1196 1451 1235 (franco-italiano)
1478 1195 1644 1227 derivari.

83 1247 149 1285 Qui
164 1248 307 1289 quidem
323 1248 511 1280 tertiamne
531 1252 682 1290 partem,
699 1248 857 1280 fabulam
881 1258 1009 1290 nempe
1034 1249 1075 1280 de
1097 1249 1243 1290 imperio
1259 1258 1405 1280 romano
1430 1258 1450 1280 a
1469 1248 1585 1280 Gallia
1601 1246 1647 1278 ad

82 1299 311 1332 Germaniam
334 1301 516 1342 translato,
543 1300 770 1333 continebat?
789 1301 1009 1333 Crediderim
1029 1302 1193 1343 equidem
1217 1302 1438 1342 (quanquam
1463 1301 1643 1332 affirmare

80 1353 282 1394 noluerim),
304 1363 414 1396 quum
436 1354 640 1395 tertiaapars
664 1354 724 1384 illa
745 1356 816 1385 tam
834 1355 955 1385 3111310
980 1357 1014 1386 et
1032 1357 1128 1386 arcte
1153 1364 1233 1385 cum
1257 1354 1439 1395 prioribus
1464 1354 1644 1385 coliaereat

83 1409 117 1437 et
144 1407 359 1439 narrationis
388 1406 509 1438 vultus
542 1407 592 1438 ita
622 1406 690 1439 sihi
726 1407 859 1448 ubique
901 1410 1050 1443 constet,
1081 1411 1120 1438 111
1154 1407 1210 1438 vix
1243 1406 1375 1438 diversi
1407 1408 1573 1438 auctores
1608 1415 1645 1438 se

82 1459 244 1500 prodant.
284 1459 342 1492 Sic
377 1469 461 1492 vero
498 1459 567 1492 duo
604 1464 769 1501 poemata
810 1460 1103 1492 franco-italiana
1138 1459 1277 1491 admitti
1323 1459 1455 1492 debent
1493 1469 1646 1501 quorum

82 1521 194 1544 unum
224 1512 323 1545 Fiovi
357 1517 456 1555 gesta
490 1513 690 1545 secundum
724 1513 871 1554 gallicos
907 1515 1025 1544 textus
1057 1522 1145 1554 quos
1179 1513 1440 1544 transtulerunt
1480 1512 1645 1544 islandiei

81 1566 282 1607 scriptores,
296 1566 589 1607 1¹¹ioi·avantis*‘[ue
615 1566 721 1598 simul
747 1576 828 1597 cum
852 1566 1071 1607 Drugiolina)
1095 1569 1130 1598 et
1153 1566 1311 1598 Gisherti
1340 1566 1490 1597 historia
1516 1575 1644 1597 narra-

81 1619 186 1656 verim
210 1619 362 1651 alterum
393 1629 478 1651 vero
514 1619 613 1651 Fiovi
636 1622 736 1660 gesta
767 1629 831 1651 seu
862 1619 1059 1651 secundum
1092 1620 1180 1651 alios
1214 1620 1360 1661 gallicos
1391 1623 1508 1651 textus
1540 1619 1645 1651 hodie

80 1672 464 1714 amissos'exposuerit‚
487 1682 549 1704 sen
576 1672 762 1712 invenerit,
786 1672 1007 1703 Fioravantis
1028 1672 1248 1712 Drugiolinffi
1272 1672 1501 1713 Gisl)ertique
1517 1671 1643 1703 eodem

78 1724 183 1756 modo
207 1734 276 1766 quo
306 1725 406 1766 prius
446 1734 572 1766 poema
607 1725 780 1762 retulerit,
816 1724 974 1756 tabulam
1017 1725 1171 1766 denique
1207 1724 1250 1757 de
1286 1725 1434 1766 imperio
1476 1733 1642 1764 romano,

80 1778 171 1810 sieut
204 1786 331 1819 poema
358 1777 682 1809 franco-italianum
711 1777 754 1809 ‹le
784 1775 930 1818 Hicgwne
950 1777 1172 1814 alvernensi,
1196 1777 1425 1809 continuerit.
1456 1776 1499 1808 Et
1529 1786 1655 1817 quum·

79 1840 151 1862 non
183 1831 328 1863 credere
360 1831 495 1872 possim
530 1832 668 1861 textum
711 1839 938 1862 communem
974 1831 1151 1871 rajnensis
1188 1832 1223 1862 et
1255 1830 1466 1872 parisiensis
1509 1829 1644 1861 codicis

82 1884 275 1923 (historiam
298 1893 426 1925 nempe
458 1883 678 1915 Fioravantis
713 1884 931 1925 Drugiolinze
962 1883 1294 1925 Gisl)31*tique)non
1333 1884 1377 1915 ab
1411 1893 1482 1915 uno
1517 1886 1551 1915 et
1583 1891 1644 1914 eo-

79 1937 160 1968 dem
191 1939 290 1969 textu
324 1937 509 1969 vetustiori
540 1946 647 1978 prosa
684 1938 842 1969 oratione
875 1937 1006 1977 scripto
1031 1940 1173 1973 ortum,
1202 1936 1410 1978 ponendum
1447 1939 1501 1969 est
1527 1945 1641 1968 unum

79 1991 188 2022 fuisse
217 1993 398 2022 auctorem
424 1990 484 2031 qui
513 1990 601 2021 duas
636 1990 793 2022 diversas
828 1990 924 2021 Fiovi
961 1989 1126 2022 historias
1156 1989 1369 2029 (seeundum
1400 1989 1469 2021 duo
1497 1989 1641 2021 diversa

78 2047 243 2085 poemata
262 2042 438 2083 fr.-ital.),
462 2043 690 2085 fabulamque
714 2043 757 2076 de
781 2044 928 2085 imperio
952 2052 1098 2075 romano
1123 2043 1332 2083 (secundum
1366 2052 1478 2074 unum
1512 2051 1639 2084 poema

79 2096 233 2136 siu-ital.)
266 2096 302 2127 in
335 2105 479 2137 prosam
514 2096 711 2129 orationem
742 2097 901 2133 verterit,
937 2095 1024 2128 duas
1059 2097 1243 2128 versiones
1267 2096 1429 2128 scribens
1455 2107 1462 2126 :
1485 2104 1639 2136 quarum

78 2158 188 2180 unam
208 2149 339 2180 reserat
359 2148 536 2191 raJnensis
560 2152 689 2185 textus.
714 2150 864 2181 alteram
899 2149 1108 2191 parisiensis
1141 2152 1175 2181 et
1208 2148 1312 2190 Regii
1346 2148 1518 2180 Franciae.
1557 2147 1642 2179 Haec

80 2202 267 2234 temerarie
306 2202 449 2243 quidem
481 2203 703 2244 conjicimus,
725 2212 797 2234 nou
820 2201 1011 2233 admodum
1041 2201 1248 2234 verisimilia
1285 2202 1352 2243 ipsi
1382 2201 1641 2242 intelligentes.

81 2254 150 2286 Sed
171 2265 246 2291 1103,
272 2264 384 2296 (11111111
404 2258 438 2287 et
455 2257 597 2297 tempus
618 2258 653 2288 et
678 2256 824 2287 italiana
845 2255 1061 2287 documenta
1081 2255 1209 2291 desint,
1234 2255 1418 2287 materiam
1440 2253 1641 2286 deserimus

83 2308 192 2341 tantis
214 2309 411 2341 involutam
431 2309 589 2342 tenebris
612 2318 701 2351 quas
723 2319 818 2341 unus
842 2309 1048 2341 mortalium
1065 2308 1179 2351 Rajna
1204 2308 1382 2343 discutere
1404 2308 1530 2350 possit.

1467 2770 1485 2801 G
