1881 3104
707 108 759 113 —-
797 82 878 124 109
910 108 966 112 -—-

63 197 190 250 primi
205 196 429 236 christiani
443 196 708 234 Francorum
723 194 840 245 regis
856 194 992 233 filium
1008 194 1141 232 istum
1156 194 1339 234 Flocwz‘nc
1355 208 1433 234 seu
1451 196 1605 235 Cloot‘z'-

61 262 207 301 sz'adem
240 261 437 300 habitum
459 273 574 300 esse.
608 260 718 298 Huic
751 264 895 298 autem
921 259 1121 298 fabuloso
1145 259 1352 298 Cloovisii
1374 260 1461 298 filio
1484 265 1610 311 gesta

63 326 357 367 attribuuntur
377 325 551 364 maximi
574 337 594 363 e
614 324 884 375 Merovingis
906 323 1102 374 regibus,
1126 323 1366 375 Dagoberti
1389 325 1568 363 scilicet.

114 390 218 439 Quae
251 391 301 429 de
335 390 567 429 Floovante
603 389 868 439 conJecimus
899 401 976 440 per
1014 387 1271 427 islandicam
1310 389 1361 428 de
1401 388 1607 428 Flovente

60 457 251 496 fabulam
264 455 591 495 confirmantur:
610 454 791 492 Flovcnt
807 453 919 492 enim
933 453 989 505 (id
1007 457 1073 492 est
1089 453 1298 492 Floovent
1312 454 1606 500 :Floovenc‚

62 520 278 572 Floovinc)
318 534 404 559 non
434 532 530 559 cum
561 519 807 566 Sawacmn‘s,
844 519 921 558 sed
952 531 1049 558 cum
1085 519 1312 557 Saxonz‘bus
1344 519 1490 570 reipsa
1519 518 1609 556 bel·

60 588 150 625 lum
171 585 296 637 gerit,
321 585 452 623 filiam
475 584 657 624 Saxonis
678 584 858 623 Salatris
880 596 1057 622 uxorem
1078 584 1209 630 ducit,
1234 583 1293 622 ita
1314 587 1361 622 ut
1391 583 1610 621 Floventis

62 651 209 690 fabula
231 654 374 689 exacte
398 662 494 688 cum
521 649 758 700 Dagoberti
779 649 963 687 historia
980 652 1203 699 congruat.
1229 648 1314 687 Sed
1336 661 1411 687 cur
1426 648 1610 687 Flovens

64 714 333 755 Constantini
351 714 626 765 imperatoris
640 726 777 764 nepos
793 713 995 764 fingitur?
1011 713 1090 761 Qui
1108 713 1353 763 vulgarium
1368 713 1612 752 fabularum

62 780 251 819 indolem
286 782 505 817 scrutatus
539 778 620 816 erit
651 778 775 816 facile
809 782 1016 829 agnoscet
1050 778 1118 816 hic
1151 778 1278 816 modo
1313 790 1389 829 per
1423 777 1612 816 vividam

63 844 296 894 imaginem
331 842 638 881 commercium
677 842 858 893 exprimi
892 843 1008 893 quod
1053 842 1165 881 inter
1201 842 1390 881 Orientis
1424 842 1613 893 impera-

63 913 180 948 tores
216 912 257 946 et.
287 908 476 946 Francos
502 919 629 958 reges
663 907 891 946 exstiterit.
924 907 1152 946 Neminem
1190 907 1303 946 enim
1337 907 1449 958 fugit
1484 919 1611 958 quam

63 973 185 1012 avide
209 972 455 1011 Clooxisius
478 971 771 1022 Cloovisiique
795 984 1078 1010 successores
1101 971 1339 1010 amicitiam
1363 970 1614 1011 Constanti-

62 1038 417 1090 nopolitanorum
460 1037 772 1088 imperatorum
803 1037 1116 1088 appetiverintq
1144 1037 1229 1076 sibi
1265 1037 1379 1075 enim
1410 1040 1612 1086 tanquam

63 1107 349 1154 usurpatores
373 1115 547 1153 semper
566 1103 701 1147 visos,
730 1106 784 1148 et,
807 1102 909 1140 dum
931 1102 982 1140 ab
1009 1101 1349 1153 imperatoribus
1380 1101 1613 1151 dignitates

65 1172 106 1207 et
136 1167 326 1219 insignia
357 1166 614 1217 acciperent,
652 1170 743 1205 tum
775 1167 950 1205 demum
982 1170 1186 1217 tanquam
1215 1168 1383 1216 Justam
1405 1178 1453 1204 ac
1475 1165 1615 1216 legiti-

64 1244 178 1271 mam
200 1232 340 1270 facere
363 1243 488 1270 suam
509 1231 551 1269 in
573 1230 710 1270 Gallia
729 1231 1069 1270 dominationem
1093 1230 1348 1269 credidisse.

118 1296 260 1344 Quum
292 1299 502 1347 praeterea
530 1295 682 1334 Franci
711 1308 838 1346 reges
868 1307 965 1334 cum
1002 1295 1156 1346 graecis
1190 1294 1529 1346 imperatoribus
1565 1306 1610 1333 se

67 1363 325 1407 conferrent,
351 1361 562 1400 barbaros
584 1373 743 1408 mores,
768 1362 919 1399 rudem
950 1364 992 1399 et
1018 1361 1260 1411 impolitam
1290 1361 1423 1399 vitam
1452 1372 1611 1411 agnos-

66 1439 162 1466 cere
185 1426 466 1477 cogebantur,
491 1428 533 1464 et
558 1426 838 1464 humaniores
859 1438 1137 1464 romanorum
1164 1426 1232 1463 vel
1254 1437 1497 1476 graecorum
1519 1437 1612 1463 mo-

66 1504 152 1537 res,
175 1492 430 1541 firmamque
453 1494 494 1530 et
513 1491 622 1529 bene
645 1494 855 1529 moratam
886 1490 1054 1541 imperii
1091 1489 1513 1528 administrationem
1548 1490 1614 1527 ad·

66 1556 349 1595 mirabantur.
392 1555 629 1607 Imperium
669 1559 842 1606 captum
877 1556 1029 1594 eodem
1064 1556 1192 1594 modo
1237 1555 1378 1593 ferum
1407 1554 1617 1593 victorem

67 1621 194 1672 cepit,
219 1633 303 1671 quo
326 1620 493 1659 Graecia
507 1620 608 1659 olim
631 1620 837 1667 Romanu
862 1620 1020 1659 etenim
1043 1632 1216 1670 semper
1236 1619 1409 1657 barbari
1430 1618 1618 1657 victores

66 1685 344 1737 politioribus
370 1685 495 1724 victae
523 1685 666 1735 gentis
689 1685 886 1723 moribus
909 1697 989 1723 sua
1015 1684 1108 1723 vice
1138 1684 1307 1722 devinci
1331 1684 1484 1722 solent.
1519 1683 1620 1722 Inde

66 1749 115 1788 fit
134 1754 181 1788 ut
211 1749 410 1788 strictum
440 1749 572 1788 fuerit
600 1749 712 1788 inter
745 1748 964 1788 Orientem
1002 1752 1043 1787 et
1078 1748 1261 1787 Galliam
1293 1747 1616 1789 commercium,

67 1814 182 1864 quod
202 1813 343 1852 vivide
363 1813 579 1865 expressit
601 1814 791 1864 vulgaris
814 1814 975 1866 opinio,
1000 1814 1102 1853 dum
1134 1813 1355 1857 Floovinc,
1377 1813 1420 1852 id
1445 1816 1512 1852 est
1531 1813 1622 1851 Me-

66 1878 291 1928 rovingam
324 1878 577 1929 progeniem
616 1882 658 1918 et
680 1879 986 1930 Merovingum
1016 1891 1199 1930 regnum
1231 1878 1487 1929 cognatione
1515 1890 1620 1928 qua—

68 1945 166 1984 dam
199 1957 297 1983 cum
327 1944 587 1994 imperatore
623 1944 918 1992 Constantino⁷
958 1945 1000 1983 id
1039 1949 1106 1983 est
1143 1956 1240 1983 cum
1280 1942 1620 1994 imperatoribus

69 2010 224 2060 graecis
245 2013 287 2047 et
312 2021 409 2047 cum
431 2021 572 2059 graeco
595 2009 776 2061 imperio
799 2013 1098 2061 conjungeret.

123 2074 247 2112 Nunc
280 2075 331 2113 de
364 2074 585 2114 Floventis
619 2075 779 2126 injtiria
811 2076 894 2114 alia
929 2080 1252 2123 memorantur,
1290 2075 1391 2125 quia
1429 2074 1626 2111 troz-aton·

72 2139 342 2189 quaedamin
374 2139 530 2178 fabula}
562 2147 816 2191 argumento
848 2144 1014 2179 mutare
1046 2140 1221 2192 placuit.
1255 2140 1441 2178 Flovens
1477 2141 1621 2176 autem

71 2203 239 2254 primus
276 2216 349 2241 rex
379 2203 643 2243 christianus
672 2205 715 2243 in
743 2205 924 2244 Francia
955 2206 1147 2257 fingitur,
1180 2205 1240 2243 ita
1267 2207 1315 2243 ut
1346 2204 1390 2242 in
1419 2215 1468 2241 eo
1502 2206 1543 2240 et
1570 2202 1620 2240 de

72 2267 290 2307 Cloovisio
313 2272 354 2307 et
375 2269 426 2307 de
448 2269 697 2320 Dagoberto
723 2271 877 2309 tradita
900 2271 1281 2309 commisceantur.

122 2331 328 2371 Flovents
351 2333 465 2384 Saga
486 2338 527 2372 et
547 2335 598 2373 de
618 2335 851 2374 Floovente
869 2348 1024 2386 poema
1042 2336 1132 2374 fere
1149 2335 1321 2385 integra
1339 2333 1474 2384 igitur
1491 2332 1619 2370 nobis

70 2396 124 2435 de
147 2396 363 2436 Cloovisio
387 2402 429 2436 et
447 2398 694 2450 Dagoberto
718 2400 874 2439 tradita
895 2401 1055 2449 ferunt,
1078 2413 1164 2439 non
1198 2400 1258 2438 ita
1287 2399 1468 2437 confusa
1490 2399 1537 2435 ut
1558 2397 1620 2434 fa-

70 2460 183 2500 bulae
206 2462 418 2513 originem
437 2466 478 2501 et
498 2463 803 2503 formationem
825 2465 1074 2504 discernere
1095 2476 1307 2515 nequeas.

125 2525 277 2565 Totam
290 2527 399 2565 hanc
415 2527 765 2578 disquisitionem
781 2533 1046 2580 repetamus.
1065 2529 1245 2569 Constat
1260 2524 1510 2565 Flooxentis
1526 2524 1621 2562 Flo-

72 2590 300 2641 ventisque
324 2596 522 2642 poemata
541 2593 592 2631 de
613 2593 971 2645 Merovingorum
997 2606 1151 2645 regum
1180 2591 1351 2632 traditis
1385 2589 1621 2640 quidquam

72 2654 249 2694 referre.
275 2655 454 2695 Constat
477 2668 648 2708 quoque
679 2671 700 2696 e
730 2659 943 2699 Johannis
979 2659 1147 2698 Bodelli
1183 2655 1394 2708 prooemio
1426 2653 1620 2705 poeticas

75 2719 294 2758 exstitisse
317 2720 487 2759 fabulas
509 2721 560 2759 de
582 2721 709 2761 bellis
726 2722 916 2762 Francos
942 2723 1055 2761 inter
1077 2726 1119 2761 et
1139 2721 1380 2761 Germanos
1405 2717 1486 2758 sub
1505 2715 1622 2767 regi-
