1881 3104
881 148 1146 189 —140—

226 261 395 309 plurima
415 259 455 296 in
475 272 564 297 eum
590 271 733 306 con-sp.
759 260 959 307 wls—feras,
984 271 1030 295 ne
1054 271 1075 295 a
1094 259 1206 295 nobis
1230 258 1406 299 desiscat‚
1431 263 1468 293 et
1492 257 1537 293 ad
1563 263 1686 293 castra
1707 257 1791 293 bos-

228 327 326 363 tium
350 332 598 367 transcurrat,
624 326 713 372 quia
735 325 919 372 quamdiu
941 325 1142 361 nobiscum
1169 329 1226 360 est
1246 324 1496 366 militaturus,
1521 324 1690 359 Saxones
1715 334 1793 358 non

231 391 539 427 formidabimus.

284 457 367 492 Rex
389 455 526 491 deinde
555 455 781 490 Floxentem
819 456 1042 501 interrog-rat,
1073 457 1177 502 cujas
1211 461 1276 491 aut
1311 455 1469 502 quinam
1501 458 1613 495 esset,
1650 458 1687 488 et
1719 464 1792 499 quo

230 521 390 557 nomine
425 519 628 567 gaudeat?
667 520 829 556 Flovent
867 533 905 556 sc
945 526 1056 567 gente
1094 521 1313 568 Hispanum
1354 519 1547 566 professus
1580 522 1636 553 est
1668 518 1727 564 (e)
1757 513 1794 552 et

227 585 330 621 fama
353 585 468 632 hujus
498 584 588 619 belli
620 584 828 619 excitatum
851 585 896 620 ad
919 596 1072 631 operam
1095 596 1204 619 suam
1223 584 1321 630 Regi
1340 583 1542 619 locandam
1575 581 1790 622 advenisse,

231 661 346 697 quam
368 654 405 684 et
425 649 510 691 tibi,
536 650 674 696 inquit,
697 650 776 696 jam
795 649 933 684 defero.
960 649 1043 684 Rex
1062 650 1230 695 benigno
1252 649 1396 691 animo,
1419 652 1638 694 experrecta
1668 646 1792 681 fronte

232 725 270 749 se
292 713 405 748 illum
428 720 465 750 et
486 719 733 760 excepturum
750 719 785 749 et
804 714 955 760 magnis
973 714 1186 749 honoribus
1200 719 1459 750 mactaturum
1481 712 1660 748 affirmat.
1691 710 1793 746 Galli

229 778 431 815 Flox'entis
449 779 631 814 virtutem
652 778 831 814 bellicam
846 779 1108 814 collaudantes
1133 777 1142 803 1
1159 779 1199 814 in
1215 779 1349 813 urbem
1366 777 1539 813 redeunt.
1560 777 1697 812 Postea
1711 775 1794 811 Rex

228 843 420 890 hospitem
453 843 658 890 quendam,
683 843 841 879 nomine
862 844 1098 887 Hermetem,
1124 844 1190 891 qui
1211 844 1386 879 omnium
1416 842 1559 878 civium
1592 841 1705 888 longe
1732 840 1795 875 di-

230 908 403 944 tissimus
422 913 515 951 erat,
541 907 587 943 ad
614 920 652 943 se
674 915 852 944 x'ocatum
874 909 928 944 sic
949 910 1099 944 affatur.
1131 909 1245 945 Hunc
1271 908 1455 955 equitem,
1483 907 1666 953 illiusque
1688 916 1795 942 com-

228 973 427 1009 militones
448 978 523 1008 tuae
559 984 658 1009 curse
679 974 894 1015 committo,
930 980 1042 1021 teque
1077 974 1258 1017 obtestor,
1289 985 1336 1009 ne
1378 973 1471 1015 ullo,
1505 971 1606 1019 quod
1641 981 1795 1006 necesse

229 1037 386 1078 habent,
421 1042 586 1072 careant.
609 1038 769 1073 Hermet
789 1038 985 1085 respondit
1007 1051 1014 1072 ε
1040 1038 1149 1074 Licet
1177 1039 1299 1074 multo
1318 1038 1446 1085 plures
1476 1037 1533 1084 (f)
1555 1042 1695 1078 essent,
1724 1046 1794 1070 ne—

230 1101 395 1136 cessaria
415 1102 504 1137 ritae
527 1101 725 1143 alimenta,
751 1114 834 1149 qua}
855 1108 931 1138 tres
964 1109 1095 1139 noctes
1128 1104 1189 1151 (9)
1218 1104 1297 1138 illis
1331 1102 1538 1143 sufficiant,
1561 1112 1624 1136 me
1655 1100 1795 1135 habere

229 1165 421 1201 existimo.
446 1165 500 1202 At
522 1167 588 1214 qui
614 1167 713 1202 hanc
740 1167 954 1203 Historiam
986 1168 1215 1215 composuit,
1243 1168 1424 1215 Magister
1449 1167 1597 1208 Simon,
1631 1164 1795 1200 arbitra-

230 1235 292 1265 tus
313 1236 369 1265 est
390 1230 565 1266 Hermeti
594 1232 799 1278 pecuniam
819 1244 897 1268 non
933 1232 1112 1275 defuisse,
1142 1239 1178 1269 et
1212 1233 1244 1268 si
1274 1233 1438 1268 Flovent
1467 1243 1555 1268 cum
1577 1230 1641 1278 (h)
1662 1230 1796 1266 multis

229 1294 402 1331 millibus
423 1296 576 1331 trienno
609 1296 709 1343 apud
744 1297 908 1333 eundem
929 1298 1146 1344 hospitatus
1178 1298 1313 1333 fuisset
1338 1311 1344 1332 :
1368 1297 1427 1332 illi
1458 1297 1562 1332 enim
1592 1295 1795 1342 pecuniam

229 1360 329 1395 ultra
362 1360 503 1406 viginti
537 1361 732 1396 mulorum
766 1374 882 1398 onera
916 1362 1035 1397 fuisse
1070 1362 1279 1398 existimat.
1313 1362 1480 1409 Jamque
1509 1362 1674 1397 Flovent
1707 1371 1796 1396 cum

230 1424 413 1460 Hermete
447 1425 493 1460 ad
539 1425 762 1473 Hospitium
796 1439 909 1462 suum
948 1427 1074 1470 rediit,
1113 1433 1150 1463 et
1181 1433 1267 1474 post.
1296 1433 1353 1463 tot
1391 1427 1541 1463 labores
1574 1427 1792 1463 exhaustos.

227 1489 350 1536 quieti
373 1501 411 1525 se
434 1489 551 1526 dedit.

282 1553 345 1589 Ad
367 1556 550 1597 Saxones,
574 1556 640 1602 qui
670 1556 800 1603 fugam
831 1563 1091 1603 capesserunt,
1123 1564 1373 1593 revertamur.
1386 1557 1450 1592 'Hi
1474 1557 1520 1602 ip.
1552 1556 1612 1605 41)
1635 1568 1723 1593 cum
1749 1556 1793 1592 ad

227 1622 350 1653 cast-ra
371 1618 562 1661 venirent,
587 1619 718 1666 ignem
739 1620 818 1655 illis
852 1621 1128 1657 immittebant.
1161 1621 1343 1658 Scutiferi
1378 1626 1505 1656 autem
1538 1633 1654 1657 onera
1685 1621 1794 1668 equis

225 1681 508 1728 imposuerunt,
532 1683 755 1719 Corbolium
778 1696 894 1731 quam
929 1685 1129 1721 celerrime
1159 1691 1335 1732 poterant
1367 1686 1539 1732 profecti.
1572 1687 1654 1722 Rex
1684 1686 1794 1721 Sala-

228 1752 303 1781 tres
335 1747 564 1784 latrunculis
597 1749 766 1793 ludebat,
792 1750 895 1785 filius
925 1757 1053 1786 autem
1080 1751 1187 1786 illius
1208 1751 1249 1786 in
1279 1752 1452 1798 speculas
1479 1751 1581 1786 muri
1609 1750 1793 1786 aseende-

227 1816 298 1853 rat,
324 1811 424 1847 unde
446 1813 598 1860 Regum
621 1815 766 1850 milites
798 1816 1054 1862 conspicatus,
1087 1816 1289 1852 confestim
1321 1816 1366 1851 ad
1397 1817 1551 1852 Patrem
1579 1815 1789 1853 descendit.

224 1875 414 1923 illumque
442 1877 652 1925 interrogat
682 1892 688 1914 :
717 1880 956 1922 Nrmciosne,
984 1880 1125 1927 inquit,
1151 1881 1204 1916 mi
1228 1881 1352 1922 Pater,
1378 1880 1424 1916 ad
1455 1881 1580 1928 Reges
1602 1886 1688 1916 tuos
1716 1880 1794 1915 mi-

225 1940 337 1976 sisti?
360 1953 523 1988 quorum
555 1954 654 1978 curae
687 1944 792 1979 urbis
826 1944 990 1980 Lutetiae
1023 1945 1259 1980 Parisiorum
1284 1951 1403 1991 portae
1439 1945 1653 1981 commissae
1687 1950 1788 1985 sunt,

225 2015 274 2040 ne
305 2005 435 2041 hostes
467 2007 523 2042 tui
551 2008 687 2043 vinum
720 2014 785 2044 aut
814 2016 1071 2045 commeatum
1093 2009 1407 2056 adipiscerentur.
1432 2009 1554 2045 Video
1586 2009 1689 2045 enim
1722 2010 1791 2045 hos

224 2070 424 2107 venientes
449 2085 455 2107 :
480 2071 566 2108 ideo
587 2073 872 2108 Parisiensibus
898 2074 1003 2120 prius
1026 2074 1214 2109 auxilium
1238 2075 1379 2116 veniet,
1405 2086 1521 2122 quam
1551 2085 1620 2109 nos
1641 2073 1790 2110 obstare

224 2136 458 2181 poterimus;
481 2138 581 2184 quod
603 2138 634 2173 si
656 2139 734 2177 fiat,
760 2150 860 2174 nova
890 2139 1098 2174 imminent
1131 2139 1370 2175 discrimina.
1395 2139 1477 2175 Rex
1499 2151 1538 2175 se
1566 2139 1653 2175 illos
1678 2150 1789 2175 revo-

225 2210 329 2235 casse
350 2207 546 2248 pernegat.
569 2202 694 2238 Filius
715 2204 855 2239 iterum
881 2216 886 2238 :
911 2204 1097 2239 Attamen
1118 2215 1181 2239 eos
1198 2204 1278 2250 jam
1307 2204 1421 2240 modo
1452 2204 1613 2240 videbis.
1643 2203 1789 2239 Eodem

222 2264 300 2300 fere
326 2272 523 2302 momento
546 2268 628 2304 Rex
661 2268 856 2312 Falsarus,
881 2275 1024 2304 etcum
1058 2269 1125 2305 illo
1155 2269 1284 2305 decem
1318 2270 1466 2317 equites
1502 2269 1636 2305 urbem
1665 2269 1788 2304 intra-

222 2329 317 2365 bant
341 2330 396 2378 (i)
418 2331 557 2378 quibus
591 2330 779 2368 Archirex
810 2345 1038 2381 assurgens:
1065 2333 1165 2377 Quid
1191 2334 1295 2377 novi,
1322 2334 1471 2381 quaerit,
1495 2334 1586 2370 boni
1619 2333 1787 2369 viri?ne

224 2405 286 2430 me
307 2394 450 2437 celetis,
476 2401 512 2431 et
534 2407 648 2442 quam
671 2396 717 2432 ob
752 2408 906 2433 causam
939 2399 1047 2446 equis
1069 2398 1345 2435 desudantibus
1366 2399 1440 2446 ipsi
1471 2398 1619 2435 cruenti
1645 2404 1683 2434 et
1702 2398 1787 2434 vul-

259 2516 285 2542 1.
309 2516 423 2543 Codex:
441 2517 647 2544 collaudeutes.

265 2581 306 2619 (e)
328 2582 358 2613 A
377 2581 404 2612 F
424 2593 430 2612 :
456 2586 491 2614 et
510 2591 530 2613 a
549 2582 662 2614 Califa
686 2582 744 2624 jF:
761 2582 926 2625 Califver]
952 2586 1048 2627 Rege
1066 2587 1103 2617 in
1122 2586 1269 2618 exilium
1287 2588 1452 2628 eJectum.

267 2632 305 2673 (fs
326 2633 355 2665 D
383 2646 389 2664 :
411 2634 499 2666 Cum
520 2636 617 2667 mille
640 2637 831 2678 equitibus.

264 2688 309 2726 (9)
331 2686 362 2717 A
378 2687 407 2718 D
430 2701 435 2718 ι
459 2696 584 2720 annos.

266 2737 314 2776 (h)
334 2739 363 2770 D
387 2751 393 2770 :
420 2749 500 2772 cum
520 2751 606 2773 mm.
637 2743 809 2785 equitum.

265 2791 302 2830 (il
323 2793 354 2823 A
375 2797 408 2825 et
424 2794 452 2824 D
476 2806 482 2825 :
506 2800 540 2826 et
562 2796 669 2837 paulo
690 2801 771 2838 post
790 2797 859 2829 duo
877 2798 912 2830 lli
931 2798 1046 2840 Reges
1062 2799 1188 2831 urbem
1209 2800 1399 2832 intrarunt.
