1881 3104
800 159 855 163 ——
892 133 972 173 4:241
1009 156 1060 162 —

152 262 283 296 causa·
305 250 494 296 apparuit,
533 255 750 296 precantem
781 249 835 283 ita
870 248 1058 282 allocutus
1094 258 1100 280 :
1135 246 1214 280 Has
1250 244 1295 279 ad
1330 244 1429 280 {edes
1464 244 1711 291 Imperatoris

154 314 321 350 Romani
348 326 392 349 ex
418 326 545 350 sorore
574 325 705 360 nepos,
731 313 778 348 ob
800 316 1059 359 1·›e1·petratum
1081 311 1120 346 in
1143 314 1347 356 conspectu
1373 308 1619 355 Imperatoris
1640 309 1713 344 lio-

152 380 353 416 micidium
376 380 548 418 extorris,
575 378 742 419 advenit,
766 377 903 424 quade
925 388 1038 412 causa
1062 375 1179 411 variis
1201 374 1415 421 iisdemque
1437 372 1624 408 catenatis
1645 372 1712 407 ad-

155 445 402 480 versitatibus
416 444 554 490 exponi
573 455 658 478 euin
676 447 835 489 oportet.
854 441 942 477 Jam
962 441 1034 476 tibi
1049 440 1240 476 Dominus
1258 439 1371 474 Jesus
1391 437 1566 473 Christus
1585 437 1716 472 omnia

154 516 219 545 tua
253 521 359 545 arma
390 508 479 543 huic
509 507 653 553 hospiti
682 506 830 542 tradere
855 507 976 553 jubet,
1003 516 1087 551 quie
1109 505 1179 539 tibi
1201 504 1359 550 posthac
1379 514 1456 538 non
1477 502 1565 537 usui
1587 507 1710 537 eruut.

153 574 270 609 Hisce
291 573 393 608 enim
418 573 627 607 instructus
650 572 794 607 multos
816 571 1012 612 Etlmicos‚
1038 570 1166 615 legum
1193 568 1413 602 divinarum
1444 571 1711 607 contemtores,

156 638 412 678 contristabit,
445 636 667 677 contundet,
702 641 738 671 et
772 636 803 671 si
836 635 997 670 firmiter
1030 629 1112 668 Deo
1146 631 1361 675 crediderit,
1392 632 1511 667 totius
1543 631 1717 666 Francia*

154 714 271 749 regno
289 703 391 738 solus
414 701 567 737 tandem
586 701 767 747 potietur.
786 700 958 735 Eremita
978 697 1181 745 respondet
1202 710 1208 731 :
1226 697 1326 732 Juhe
1344 701 1386 732 ut
1405 696 1443 731 id
1458 696 1601 731 donum
1623 706 1716 731 con-

155 767 300 803 cedam.
326 767 441 803 Hisce
470 765 596 807 dictis,
620 764 795 811 Angelus
819 777 863 800 ex
888 764 1009 800 oculis
1031 763 1071 798 in
1093 774 1226 798 auram
1248 762 1420 805 evanuit,
1445 761 1615 797 Eremita
1648 772 1718 796 au-

154 839 231 869 tem
258 833 370 868 solito
390 844 495 869 more
517 844 645 879 preces
667 831 840 867 horarias
862 830 1020 877 peregit.

208 898 357 933 Deinde
395 898 575 934 conclave
614 908 726 933 suum
765 897 926 938 introiit,
968 899 1200 930 armaturam
1234 904 1388 929 omnem
1437 893 1589 938 sumsit,
1618 892 1713 928 Flo-

156 968 388 1010 ventemque
427 965 575 999 vocavit
601 974 607 998 :
646 962 733 1004 Fili,
786 961 979 1008 inquiens,
1023 961 1176 1006 juvenis
1221 962 1270 1005 (p.
1325 956 1388 1004 16)
1437 959 1588 1005 optimae
1634 957 1716 1004 spei

155 1029 295 1064 nobilis
337 1028 576 1074 heroicaeque
609 1027 746 1062 indolis
782 1026 878 1061 mihi
923 1025 1073 1068 videris,
1121 1024 1232 1060 bonis
1284 1024 1397 1070 igitur
1446 1035 1489 1060 ac
1540 1023 1722 1070 pretiosis

155 1096 271 1129 armis
294 1102 327 1128 te
348 1095 550 1134 instruam,
577 1102 624 1126 ne
648 1091 769 1126 ullum
796 1090 955 1136 posthac
981 1089 1176 1124 fortiorem
1213 1088 1349 1123 timere
1378 1098 1536 1123 necesse
1561 1088 1717 1131 habeas,

154 1170 276 1205 usque
309 1158 399 1193 dum
436 1168 479 1192 ea
508 1157 725 1192 retinueris.
766 1155 969 1201 Duplicem
998 1154 1113 1200 igitur
1143 1154 1315 1196 loricam,
1341 1153 1462 1188 instar
1494 1152 1721 1187 nitidissimi

159 1226 306 1270 argenti
353 1223 596 1266 albicantem,
648 1222 794 1267 galeam
844 1220 1051 1267 purissimo
1097 1230 1188 1255 auro
1244 1225 1482 1264 exornatam,
1537 1219 1715 1264 clypeum

160 1289 461 1337 quadruplicem,
486 1295 522 1322 et
545 1287 707 1333 denique
719 1285 885 1332 gladium
909 1283 1031 1333 (cujus
1055 1286 1232 1331 capulum
1258 1294 1372 1319 aureo
1390 1283 1453 1319 silo
1476 1283 1715 1325 obvolutum,

159 1354 341 1389 anteriori
391 1353 448 1388 sui
488 1358 594 1399 parte
640 1362 798 1387 aureum
844 1348 934 1397 erat)
974 1350 1271 1396 generosissimo
1311 1349 1400 1384 huic
1441 1348 1573 1395 juveni
1620 1347 1719 1383 dono

161 1418 327 1461 tradidit,
365 1417 522 1453 dicens:
560 1416 674 1452 Hunc
719 1416 884 1462 gladium
926 1426 1051 1450 nanus
1096 1414 1248 1462 quidam
1293 1413 1333 1461 (i)
1380 1413 1476 1449 miro
1524 1412 1723 1448 fabricavit

162 1484 338 1528 artificio,
376 1494 488 1530 quem
530 1488 608 1518 toto
638 1489 826 1517 terrarum
866 1482 955 1517 orbe
988 1483 1175 1527 optimum
1214 1481 1408 1516 existimo.
1454 1478 1550 1514 Cum
1597 1482 1725 1512 autem

158 1550 358 1585 induratus
388 1553 501 1593 esset,
537 1548 640 1583 saber
658 1546 899 1593 experiundae
924 1548 1076 1581 virtutis
1103 1545 1236 1591 gratia,
1263 1556 1377 1592 quam
1412 1544 1555 1580 scilicet
1588 1547 1721 1578 acutus

158 1621 257 1651 esset
298 1614 475 1650 incudem
490 1623 556 1660 per
574 1612 743 1648 medium
764 1611 946 1647 dissecuit
968 1608 1028 1658 (Ic).
1049 1610 1166 1646 Porro
1184 1609 1331 1655 gladius
1352 1614 1509 1645 vocatur
1526 1608 1634 1644 Jovjs
1655 1605 1718 1656 (l),

156 1692 230 1728 quo
253 1679 488 1725 significatur
509 1678 639 1713 laetitia
663 1686 670 1712 :
696 1678 727 1711 is
749 1676 851 1711 enim
879 1676 1000 1719 illum,
1035 1675 1097 1722 qui
1121 1674 1193 1710 hoc
1220 1675 1340 1709 utitur
1365 1674 1496 1709 laetum
1524 1671 1721 1719 priestabit

158 1750 272 1793 atque
298 1745 531 1780 interritum.

212 1810 395 1857 Acceptis
423 1809 501 1855 jam
534 1810 665 1853 armis,
696 1808 858 1843 Flovent
891 1806 1004 1853 pedes
1037 1805 1231 1847 Eremitte,
1274 1804 1321 1840 ad
1353 1815 1447 1851 quos
1484 1815 1523 1839 se
1567 1813 1721 1838 venera-

155 1876 308 1912 bundus
325 1874 543 1922 prostravit,
568 1873 778 1908 deosculari
801 1877 974 1913 conatur,
999 1871 1063 1906 sed
1084 1870 1249 1905 inhibuit
1263 1881 1350 1905 eum
1370 1869 1554 1904 Eremita.

213 1941 400 1976 Caeterum
437 1937 745 1974 Floventdiixit:
778 1936 1004 1972 Venerande
1044 1941 1172 1971 sancte
1212 1934 1336 1975 Pater,
1369 1934 1525 1969 consule
1555 1933 1651 1968 milii
1684 1938 1721 1968 et

159 2007 266 2049 doce,
304 2005 391 2052 quid
421 2004 521 2040 factu
556 2004 743 2049 optimum
777 2004 838 2038 sit.
871 2001 940 2036 Cui
973 2001 1141 2035 Eremita
1175 2012 1181 2034 ;
1212 2000 1258 2035 In
1287 2000 1443 2034 nomine
1469 1998 1542 2034 Dei
1574 2008 1661 2032 vera
1687 2001 1726 2032 et

160 2083 252 2107 sana
291 2071 357 2105 tibi
392 2070 554 2105 consilia
604 2079 818 2115 suggeram.
864 2067 923 2103 Ito
956 2069 993 2102 in
1030 2067 1246 2108 Manciam,
1290 2076 1404 2112 quam
1436 2064 1532 2105 Rex,
1565 2064 1723 2098 nomine

160 2137 340 2178 Florem,
368 2137 476 2182 regit.
507 2135 567 2170 Illi
597 2134 675 2180 jam
704 2145 798 2180 opus
826 2139 883 2168 est
912 2134 1002 2167 viris
1039 2131 1258 2167 fortissimis
1296 2130 1460 2176 bellique
1504 2127 1721 2167 acerrimis;

159 2212 248 2237 uam
278 2202 361 2237 Rex
394 2200 589 2236 Saxonum
617 2199 780 2235 Salatres
809 2209 895 2234 cum
923 2197 1068 2243 ingenti
1091 2198 1259 2232 exercitu
1292 2200 1329 2230 et
1359 2202 1521 2241 quatuor
1551 2193 1721 2235 Regibus

160 2265 351 2301 coronatis
393 2263 478 2313 (m),
507 2269 648 2311 praeter
682 2262 961 2306 multitudi-(p.
1003 2262 1186 2305 lT)-nem
1218 2260 1379 2295 aliorum
1414 2259 1637 2306 Principum
1686 2264 1723 2293 et

161 2331 367 2366 illustrium
411 2329 597 2370 virorum,
634 2328 837 2363 Franciam
868 2326 1082 2369 inundavit,
1112 2330 1150 2361 et
1184 2325 1305 2360 multa
1336 2325 1466 2371 praelia
1498 2335 1585 2360 cum
1616 2323 1720 2368 Rege

159 2396 392 2431 Francorum
432 2396 627 2430 commisit
662 2405 669 2428 ·.
706 2395 771 2440 qui
806 2392 1006 2427 adversam
1050 2391 1139 2426 belli
1178 2390 1370 2426 fortunam
1410 2390 1521 2425 toties
1571 2399 1722 2434 semper

203 2565 243 2605 (i)
263 2567 291 2596 A
312 2567 336 2596 (J
362 2565 410 2596 F:
439 2565 608 2596 seri-arius
627 2562 763 2604 Joseph
791 2564 926 2603 septem
960 2561 1065 2592 annis
1097 2559 1307 2591 elaboravit.
1342 2558 1366 2590 C
1390 2558 1525 2590 addit:
1559 2557 1603 2589 ad
1630 2556 1725 2598 quod

163 2619 278 2650 omnis
299 2619 442 2659 generis
469 2618 603 2649 serrum
624 2617 742 2658 elegit.

207 2670 252 2711 (ch
276 2672 301 2701 C
323 2686 328 2701 z
351 2680 434 2702 saxa
459 2671 493 2702 in
513 2674 642 2702 terram
665 2678 778 2710 usque
799 2668 982 2699 dissecuit.

208 2723 246 2763 (l)
267 2725 297 2755 A
319 2737 324 2755 :
348 2724 507 2760 Jovisen.
533 2723 557 2755 C
581 2736 586 2754 :
612 2723 731 2758 Joves,
755 2726 788 2753 et
806 2721 889 2752 alibi
907 2720 1049 2755 Jochz't‚
1069 2719 1094 2750 F
1114 2731 1120 2750 ς
1142 2720 1276 2752 ιΙοήεῑῑ.

209 2780 270 2816 (m)
294 2776 401 2810 Addit
420 2778 450 2807 A
474 2789 479 2807 :
506 2786 657 2818 quorum
678 2775 829 2816 quisque
848 2777 925 2806 octo
949 2772 1060 2804 millia
1081 2772 1123 2815 11)
1143 2784 1150 2804 ;
1170 2772 1280 2814 mille]
1303 2772 1457 2803 militurn
1479 2769 1587 2801 ducit.
