1881 3104
839 156 896 160 ——
933 132 1011 171 104
1045 157 1102 163 —

192 240 254 280 615
291 241 359 280 5111
393 244 538 281 motus
574 242 747 293 inJ'uriis
782 242 958 292 filioque
994 243 1130 281 multa
1165 242 1398 281 furibunde
1438 243 1737 292 interminans,

192 306 396 344 accersiri
420 319 517 345 eum
541 307 593 346 ad
625 319 671 345 se
700 307 841 357 Jubet.
875 306 968 354 Quo
1006 307 1283 358 praecognitO,
1314 307 1607 358 Dagobertus,
1642 309 1743 360 quia

192 371 399 410 resistere
421 384 499 411 nec
526 372 608 418 fas,
638 384 717 410 1166
748 372 959 423 possibile
991 375 1095 419 erat,
1133 373 1174 411 in
1213 385 1262 411 60
1285 385 1331 412 56
1362 373 1421 411 1111
1451 373 1587 412 obniti
1609 386 1741 424 posse

185 438 306 487 ι111516
330 437 525 483 credidit,
552 436 589 475 si
615 437 657 474 in
679 437 814 476 aedem
843 438 1064 488 praefatam
1092 438 1318 476 beatorum
1353 437 1598 489 Martyrum
1631 438 1740 477 iram

187 501 324 552 patris
347 501 559 540 inclinans
594 502 864 540 concederet.
904 501 998 540 [niit
1027 502 1171 552 itaque
1203 501 1470 540 tutissimam
1503 502 1667 553 fugam,
1701 506 1743 541 et

186 579 269 617 quo
309 579 356 605 se
389 566 646 616 insequente
678 579 853 605 cervum
890 567 1074 613 viderat,
1106 567 1201 617 ipse
1234 578 1407 617 quoque
1435 570 1555 618 patre
1588 579 1739 618 perse-

185 637 342 683 quente
380 644 426 671 se
469 632 634 670 confert
654 632 684 671 1.
721 631 989 671 Persuasum
1025 632 1109 670 sibi
1149 632 1229 670 hoc
1262 632 1376 670 sacto
1413 632 1734 679 demonstrans,

183 698 325 749 utqui
357 710 485 737 canes
507 697 559 736 ab
592 697 797 748 ingressu
833 709 922 736 suae
954 697 1059 736 {edis
1095 700 1383 744 removerant,
1420 709 1467 736 se
1499 709 1672 747 quoque
1714 709 1739 735 a

184 763 319 814 Regis
341 762 626 802 insectatione
648 766 877 813 protegere
900 766 1095 814 possent.
1121 762 1209 801 Nec
1232 774 1353 813 spem
1377 765 1558 801 eventus
1589 761 1734 801 elusit.

237 845 256 864 <‹
280 828 398 868 VIII.
419 827 588 879 Quippe
605 827 854 866 Clotharius
870 832 918 866 ut
935 840 1034 866 eum
1052 831 1303 866 sanctorum
1322 828 1499 866 tutelam
1517 826 1737 878 expetisse

181 893 359 940 audivit,
384 893 525 932 adhuc
552 893 594 931 in
618 895 829 943 maiorem
854 892 1021 931 tollitur
1041 893 1163 939 iram,
1189 892 1407 943 mittitque
1431 891 1642 931 satellites
1663 892 1736 943 qui

180 959 278 998 inde
312 972 411 998 eum
443 959 678 998 abductum
712 959 796 997 sibi
830 959 1060 997 occissime
1093 961 1419 1009 praesentarent.
1456 958 1738 997 Maturabant

178 1023 240 1062 illi
280 1024 395 1074 quod
428 1024 572 1062 fuerat
594 1025 774 1073 jussum
808 1023 1003 1074 implere.
1047 1023 1242 1073 Cumque
1278 1023 1329 1061 ad
1364 1026 1562 1062 sanctum
1591 1025 1735 1063 locum

178 1089 421 1135 tendentes,
446 1101 530 1127 non
564 1089 663 1139 plus
685 1101 770 1127 uno
793 1088 994 1127 milliario
1016 1088 1237 1135 abessent,
1265 1089 1377 1127 ultra
1405 1089 1600 1139 aspirare
1619 1089 1735 1128 viam

176 1154 420 1202 tendentes,
442 1155 587 1194 divino
617 1158 724 1193 nutu
764 1155 1066 1206 prohihentur.
1100 1154 1302 1193 Redeunt
1336 1155 1388 1193 ad
1421 1155 1661 1202 dominum,
1695 1158 1737 1194 et

175 1220 279 1270 quid
299 1220 418 1271 passi
440 1220 613 1258 fuerant
634 1220 841 1270 pandunt.
867 1219 1064 1268 Quorum
1094 1219 1194 1258 fidei
1216 1219 1448 1270 derogans,
1472 1220 1632 1271 quippe
1661 1220 1733 1271 qui

175 1297 254 1323 suo
286 1284 471 1336 imperio
499 1297 691 1323 amorem
720 1284 795 1323 filii
829 1284 1136 1336 praetulissent,
1171 1284 1333 1335 delegit
1358 1284 1482 1331 alios,
1509 1285 1582 1336 qui
1617 1286 1733 1336 quod

174 1349 217 1387 hi
239 1350 519 1401 neglexerant
541 1350 758 1401 sagaciter
787 1350 1032 1401 implerent.
1058 1350 1251 1388 Rursum
1278 1349 1339 1387 illi
1368 1349 1528 1388 similia
1556 1351 1733 1401 patiun-

172 1419 256 1458 tur,
288 1418 330 1453 et
359 1415 553 1465 regressi
587 1416 781 1454 eamdem
814 1428 905 1454 rem
941 1415 1095 1453 iterato
1128 1414 1410 1466 ingeminant.
1446 1414 1529 1453 Sed
1561 1428 1640 1455 neo
1668 1416 1731 1455 516

172 1480 429 1519 animositas
461 1480 597 1531 Regis
628 1480 860 1527 deferbuit,
891 1484 932 1519 et
954 1480 1068 1530 quod
1093 1493 1169 1531 per
1200 1479 1428 1519 ministros
1455 1480 1726 1531 nequiverat,

171 1558 248 1596 per
270 1558 316 1584 se
336 1546 514 1596 implere
537 1546 770 1584 contendit.
1753 1598 1756 1600 -

225 1626 243 1645 «
277 1610 352 1649 IX.
379 1609 550 1648 Interea
581 1611 684 1648 dum
707 1610 795 1649 haec
816 1613 1006 1660 aguntur
1026 1610 1325 1661 Dagobertum
1348 1609 1618 1660 Martyribus
1647 1610 1728 1648 hu-

169 1676 259 1714 mili
283 1676 411 1715 corde
432 1680 696 1727 prostratum
719 1688 900 1715 somnus
923 1680 1100 1727 repente
1131 1676 1324 1726 corripit..
1351 1675 1488 1726 Eique
1510 1686 1646 1725 prono
1669 1674 1729 1713 ita

169 1742 412 1791 conjacenti
434 1742 605 1780 adstant
631 1745 720 1780 tres
752 1741 834 1780 viri
862 1745 903 1780 et
924 1753 1156 1792 corporum
1186 1741 1451 1780 liniamentis
1475 1744 1516 1779 et
1534 1739 1725 1778 vestium

166 1806 307 1844 nitore
336 1806 575 1857 conspicui.
614 1806 810 1856 Cumque
841 1806 883 1844 in
913 1818 988 1845 eos
1024 1806 1296 1857 stupefactus
1328 1805 1583 1853 intenderet,
1612 1818 1726 1845 unus

169 1883 320 1909 eorum
350 1871 422 1921 qui
454 1871 599 1909 socios
630 1875 833 1922 przestare
863 1871 1107 1909 veneranda
1139 1870 1293 1909 canitie
1317 1873 1359 1908 et
1379 1870 1636 1909 auctoritate
1657 1870 1723 1909 vi-

168 1936 367 1980 debatur,
406 1935 469 1974 sio
490 1948 585 1974 eum
611 1936 768 1974 affatus
790 1940 857 1974 est
881 1948 888 1974 :
917 1936 1045 1982 Scias,
1076 1949 1095 1973 0
1120 1935 1290 1985 juvenis,
1325 1948 1392 1973 nos
1420 1948 1497 1973 esse
1529 1948 1624 1986 qnos
1649 1949 1724 1988 pro

168 2000 326 2039 Christo
362 2013 498 2052 passos
535 2002 645 2053 fama
675 2007 920 2039 asseverante
955 2000 1115 2045 ancias-ti,
1154 2000 1402 2051 Dionysium,
1450 2000 1654 2038 Rusticum
1688 2007 1725 2038 et

164 2066 206 2104 E
210 2065 461 2109 leutlzerimn,
487 2072 523 2104 et
538 2072 670 2105 nostra
687 2066 749 2104 leic-
770 2079 938 2118 corpora
960 2067 1052 2117 teqi.
1086 2065 1169 2103 Sed
1190 2066 1282 2116 qnia
1304 2066 1455 2116 famam
1478 2070 1650 2103 nostram
1666 2078 1722 2103 se-

160 2131 329 2183 pultura
363 2144 479 2182 qnam
512 2131 615 2169 rides
636 2137 671 2168 et
698 2131 834 2169 domas
860 2131 978 2182 liujus
1007 2130 1136 2168 vilitas
1164 2130 1406 2177 obscurarit,
1435 2130 1472 2167 si
1494 2130 1721 2169 memoriam

165 2197 293 2235 nostri
315 2202 350 2234 te
378 2202 560 2234 ornatum
590 2197 645 2234 ire
667 2197 882 2249 promittis,
913 2195 986 2234 hac
1012 2201 1047 2233 te
1068 2208 1274 2247 possumus
1301 2207 1417 2246 quam
1442 2196 1595 2247 pateris
1624 2195 1720 2234 libe-

164 2274 256 2299 rare
295 2261 496 2312 anqustia,
534 2267 571 2299 et
609 2262 647 2298 in
683 2262 830 2299 cunctis
863 2260 1085 2299 auzilicmte
1113 2260 1194 2298 Deo
1227 2265 1423 2312 priestare
1466 2260 1718 2311 suffivqium.

162 2326 204 2364 E
208 2332 223 2363 t
247 2339 293 2363 ne
314 2331 431 2378 putes
457 2327 602 2364 somnii
626 2331 660 2363 te
690 2324 847 2363 illusum
880 2325 1071 2377 fantasia,
1103 2325 1233 2376 accipe
1259 2325 1413 2374 siqnwn
1444 2325 1608 2363 ‘veritate
1633 2325 1720 2363 sul)-

164 2391 317 2429 mii-am.
347 2390 498 2442 Eyesta
532 2390 659 2436 humo,
693 2403 769 2442 qua
802 2396 1050 2428 monumenta
1079 2395 1213 2428 nostra
1240 2395 1440 2440 teyzmtw’,
1471 2402 1583 2441 quem
1616 2389 1723 2441 quod

208 2566 233 2596 1.
261 2565 408 2596 Fabulae
428 2565 458 2605 ἓξ
493 2573 531 2600 11,
555 2573 594 2596 111
617 2568 651 2595 et
678 2573 714 2595 1v
733 2567 887 2595 narratae
915 2564 1041 2595 alludit
1066 2568 1191 2597 auctor
1216 2575 1258 2597 ex
1282 2574 1351 2607 qua
1375 2568 1513 2597 constat
1534 2565 1719 2606 Dagober-

164 2621 240 2650 tuin
266 2618 540 2653 adolescentem,
561 2627 671 2659 quum
686 2626 826 2648 cervum
853 2617 1005 2659 quadani
1024 2618 1079 2649 die
1097 2619 1258 2660 agitaret,
1280 2618 1433 2650 furiosos
1449 2627 1554 2650 canes
1574 2618 1658 2650 ferae
1681 2617 1718 2648 in

164 2670 276 2702 {edem
295 2671 466 2712 ingressae
489 2671 623 2702 frustra
643 2671 776 2702 instare
801 2669 1015 2702 admiratum
1042 2680 1141 2707 esse;
1174 2681 1325 2713 quorum
1349 2671 1532 2703 immundo
1552 2672 1717 2712 ingressu

163 2723 256 2755 hanc
286 2724 399 2757 eedem
429 2725 553 2756 violari
569 2724 690 2756 divina
717 2724 770 2756 vis
790 2733 861 2755 non
881 2733 987 2765 passa
1009 2724 1135 2761 suerit;
1162 2725 1228 2756 hoc
1252 2725 1287 2756 in
1319 2725 1397 2757 loco
1430 2725 1524 2757 enim
1555 2723 1716 2764 sepultos

163 2777 273 2809 fuisse
293 2777 438 2810 beatum
462 2780 669 2820 Dionysium
690 2782 722 2811 et
742 2780 856 2811 socios
879 2778 1065 2811 Rusticum
1088 2779 1418 2820 Eleutheriumque.
