<?xml version="1.0" encoding="UTF-8"?>
<!DOCTYPE html PUBLIC "-//W3C//DTD XHTML 1.0 Transitional//EN"
    "http://www.w3.org/TR/xhtml1/DTD/xhtml1-transitional.dtd">
<html xmlns="http://www.w3.org/1999/xhtml" xml:lang="en" lang="en">
 <head>
  <title>
</title>
<meta http-equiv="Content-Type" content="text/html;charset=utf-8" />
  <meta name='ocr-system' content='tesseract 3.04.00' />
  <meta name='ocr-capabilities' content='ocr_page ocr_carea ocr_par ocr_line ocrx_word'/>
</head>
<body>
  <div class='ocr_page' id='page_1' title='image "./defloovantevetus00darmuoft_0086.png"; bbox 0 0 1881 3104; ppageno 0'>
   <div class='ocr_carea' id='block_1_1' title="bbox 873 134 1106 184">
    <p class='ocr_par' dir='ltr' id='par_1_1' title="bbox 873 134 1106 184">
     <span class='ocr_line' id='line_1_1' title="bbox 873 134 1106 184; baseline 0.009 -11"><span class='ocrx_word' id='word_1_1' title='bbox 873 134 1106 184; x_wconf 47' lang='lat'><strong>464.-</strong></span> 
     </span>
    </p>
   </div>
   <div class='ocr_carea' id='block_1_2' title="bbox 421 256 1371 367">
    <p class='ocr_par' dir='ltr' id='par_1_2' title="bbox 421 256 1371 367">
     <span class='ocr_line' id='line_1_2' title="bbox 422 256 1244 304; baseline 0.002 -12"><span class='ocrx_word' id='word_1_2' title='bbox 422 257 522 292; x_wconf 84' lang='lat' dir='ltr'>Tant</span> <span class='ocrx_word' id='word_1_3' title='bbox 542 256 615 303; x_wconf 75' lang='lat' dir='ltr'>pie,</span> <span class='ocrx_word' id='word_1_4' title='bbox 643 262 726 292; x_wconf 80' lang='lat' dir='ltr'>tant</span> <span class='ocrx_word' id='word_1_5' title='bbox 745 258 876 304; x_wconf 78' lang='lat' dir='ltr'>poing,</span> <span class='ocrx_word' id='word_1_6' title='bbox 900 263 1005 293; x_wconf 83' lang='lat' dir='ltr'>tante</span> <span class='ocrx_word' id='word_1_7' title='bbox 1028 264 1124 294; x_wconf 78' lang='lat' dir='ltr'>teste</span> <span class='ocrx_word' id='word_1_8' title='bbox 1144 259 1244 303; x_wconf 83' lang='lat' dir='ltr'>tolir,</span> 
     </span>
     <span class='ocr_line' id='line_1_3' title="bbox 421 320 1371 367; baseline 0.002 -10"><span class='ocrx_word' id='word_1_9' title='bbox 421 321 519 357; x_wconf 85' lang='lat' dir='ltr'>L&#39;un</span> <span class='ocrx_word' id='word_1_10' title='bbox 541 327 641 358; x_wconf 84' lang='lat' dir='ltr'>mort</span> <span class='ocrx_word' id='word_1_11' title='bbox 661 334 727 357; x_wconf 81' lang='lat' dir='ltr'>sur</span> <span class='ocrx_word' id='word_1_12' title='bbox 747 320 881 358; x_wconf 80' lang='lat' dir='ltr'>l&#39;autre</span> <span class='ocrx_word' id='word_1_13' title='bbox 903 323 1077 359; x_wconf 82' lang='lat' dir='ltr'>trebucer</span> <span class='ocrx_word' id='word_1_14' title='bbox 1098 330 1133 359; x_wconf 80' lang='lat' dir='ltr'>et</span> <span class='ocrx_word' id='word_1_15' title='bbox 1154 324 1274 367; x_wconf 77' lang='lat' dir='ltr'>chai&#39;r,</span> <span class='ocrx_word' id='word_1_16' title='bbox 1299 328 1371 360; x_wconf 86' lang='lat' dir='ltr'>etc.</span> 
     </span>
    </p>
   </div>
   <div class='ocr_carea' id='block_1_3' title="bbox 1089 398 1538 451">
    <p class='ocr_par' dir='ltr' id='par_1_3' title="bbox 1089 398 1538 451">
     <span class='ocr_line' id='line_1_4' title="bbox 1089 398 1538 451; baseline 0 -14"><span class='ocrx_word' id='word_1_17' title='bbox 1089 398 1292 450; x_wconf 69' lang='lat' dir='ltr'>(AliScans,</span> <span class='ocrx_word' id='word_1_18' title='bbox 1317 414 1354 440; x_wconf 89' lang='lat' dir='ltr'>v.</span> <span class='ocrx_word' id='word_1_19' title='bbox 1379 400 1538 451; x_wconf 71' lang='lat'>50-54.)</span> 
     </span>
    </p>
   </div>
   <div class='ocr_carea' id='block_1_4' title="bbox 201 515 1777 2720">
    <p class='ocr_par' dir='ltr' id='par_1_4' title="bbox 203 515 1774 1025">
     <span class='ocr_line' id='line_1_5' title="bbox 262 515 1771 566; baseline 0.001 -12"><span class='ocrx_word' id='word_1_20' title='bbox 262 516 459 566; x_wconf 84' lang='lat' dir='ltr'>Denique</span> <span class='ocrx_word' id='word_1_21' title='bbox 493 528 513 554; x_wconf 90' lang='lat' dir='ltr'>e</span> <span class='ocrx_word' id='word_1_22' title='bbox 547 528 623 554; x_wconf 80' lang='lat' dir='ltr'>sex</span> <span class='ocrx_word' id='word_1_23' title='bbox 653 515 880 555; x_wconf 87' lang='lat' dir='ltr'>islandicis</span> <span class='ocrx_word' id='word_1_24' title='bbox 917 517 1144 556; x_wconf 80' lang='lat' dir='ltr'>codicibus</span> <span class='ocrx_word' id='word_1_25' title='bbox 1180 517 1223 555; x_wconf 88' lang='lat' dir='ltr'>in</span> <span class='ocrx_word' id='word_1_26' title='bbox 1259 516 1526 555; x_wconf 76' lang='lat' dir='ltr'>bibliotheca</span> <span class='ocrx_word' id='word_1_27' title='bbox 1561 516 1611 554; x_wconf 89' lang='grc' dir='ltr'>Β.</span> <span class='ocrx_word' id='word_1_28' title='bbox 1641 516 1771 555; x_wconf 74' lang='lat' dir='ltr'>Arnoe</span> 
     </span>
     <span class='ocr_line' id='line_1_6' title="bbox 206 581 1770 633; baseline -0.001 -12"><span class='ocrx_word' id='word_1_29' title='bbox 206 581 396 633; x_wconf 76' lang='lat' dir='ltr'>Magnaei</span> <span class='ocrx_word' id='word_1_30' title='bbox 439 581 678 620; x_wconf 70' lang='lat' dir='ltr'>asservatis</span> <span class='ocrx_word' id='word_1_31' title='bbox 720 585 762 620; x_wconf 85' lang='lat' dir='ltr'>ct</span> <span class='ocrx_word' id='word_1_32' title='bbox 800 582 1042 620; x_wconf 85' lang='lat' dir='ltr'>secundnm</span> <span class='ocrx_word' id='word_1_33' title='bbox 1083 594 1193 632; x_wconf 83' lang='lat' dir='ltr'>quos</span> <span class='ocrx_word' id='word_1_34' title='bbox 1236 594 1361 620; x_wconf 84' lang='lat' dir='ltr'>suam</span> <span class='ocrx_word' id='word_1_35' title='bbox 1394 581 1643 620; x_wconf 70' lang='lat' dir='ltr'>versionem</span> <span class='ocrx_word' id='word_1_36' title='bbox 1670 594 1770 620; x_wconf 92' lang='lat' dir='ltr'>con-</span> 
     </span>
     <span class='ocr_line' id='line_1_7' title="bbox 206 646 1773 698; baseline -0.001 -11"><span class='ocrx_word' id='word_1_37' title='bbox 206 648 309 687; x_wconf 80' lang='lat' dir='ltr'>fecit</span> <span class='ocrx_word' id='word_1_38' title='bbox 331 647 522 694; x_wconf 69' lang='lat' dir='ltr'>Olavius‚</span> <span class='ocrx_word' id='word_1_39' title='bbox 546 659 675 693; x_wconf 81' lang='lat' dir='ltr'>unus,</span> <span class='ocrx_word' id='word_1_40' title='bbox 702 647 836 685; x_wconf 76' lang='lat' dir='ltr'>codex</span> <span class='ocrx_word' id='word_1_41' title='bbox 863 647 1030 686; x_wconf 88' lang='lat' dir='ltr'>scilicet</span> <span class='ocrx_word' id='word_1_42' title='bbox 1057 660 1135 698; x_wconf 85' lang='lat' dir='ltr'>per</span> <span class='ocrx_word' id='word_1_43' title='bbox 1161 647 1351 686; x_wconf 84' lang='lat' dir='ltr'>litteram</span> <span class='ocrx_word' id='word_1_44' title='bbox 1378 647 1410 686; x_wconf 74' lang='lat' dir='ltr'>F</span> <span class='ocrx_word' id='word_1_45' title='bbox 1433 647 1484 685; x_wconf 89' lang='lat' dir='ltr'>ab</span> <span class='ocrx_word' id='word_1_46' title='bbox 1515 646 1664 686; x_wconf 69' lang='lat' dir='ltr'>Olavio</span> <span class='ocrx_word' id='word_1_47' title='bbox 1696 646 1773 685; x_wconf 90' lang='lat' dir='ltr'>de-</span> 
     </span>
     <span class='ocr_line' id='line_1_8' title="bbox 206 710 1773 764; baseline -0.001 -12"><span class='ocrx_word' id='word_1_48' title='bbox 206 714 422 764; x_wconf 82' lang='lat' dir='ltr'>signatus,</span> <span class='ocrx_word' id='word_1_49' title='bbox 448 711 730 763; x_wconf 74' lang='lat' dir='ltr'>proverbium</span> <span class='ocrx_word' id='word_1_50' title='bbox 753 712 958 763; x_wconf 76' lang='lat' dir='ltr'>gallicum</span> <span class='ocrx_word' id='word_1_51' title='bbox 989 712 1143 763; x_wconf 81' lang='lat' dir='ltr'>gallice</span> <span class='ocrx_word' id='word_1_52' title='bbox 1172 712 1385 763; x_wconf 84' lang='lat' dir='ltr'>scriptum</span> <span class='ocrx_word' id='word_1_53' title='bbox 1418 711 1624 751; x_wconf 89' lang='lat' dir='ltr'>continet.</span> <span class='ocrx_word' id='word_1_54' title='bbox 1648 710 1773 759; x_wconf 80' lang='lat' dir='ltr'>Quod</span> 
     </span>
     <span class='ocr_line' id='line_1_9' title="bbox 203 776 1774 830; baseline -0.002 -13"><span class='ocrx_word' id='word_1_55' title='bbox 203 781 297 830; x_wconf 69' lang='lat' dir='ltr'>Jam</span> <span class='ocrx_word' id='word_1_56' title='bbox 319 777 486 816; x_wconf 75' lang='lat' dir='ltr'>notavit</span> <span class='ocrx_word' id='word_1_57' title='bbox 508 776 686 816; x_wconf 67' lang='lat' dir='ltr'>Olavius</span> <span class='ocrx_word' id='word_1_58' title='bbox 710 777 752 815; x_wconf 90' lang='lat' dir='ltr'>in</span> <span class='ocrx_word' id='word_1_59' title='bbox 774 777 1002 828; x_wconf 83' lang='lat' dir='ltr'>prooemio.</span> <span class='ocrx_word' id='word_1_60' title='bbox 1029 777 1124 816; x_wconf 89' lang='lat' dir='ltr'>Non</span> <span class='ocrx_word' id='word_1_61' title='bbox 1148 778 1284 816; x_wconf 85' lang='lat' dir='ltr'>semel</span> <span class='ocrx_word' id='word_1_62' title='bbox 1311 777 1511 816; x_wconf 87' lang='lat' dir='ltr'>islandici</span> <span class='ocrx_word' id='word_1_63' title='bbox 1541 777 1774 815; x_wconf 85' lang='lat' dir='ltr'>translato-</span> 
     </span>
     <span class='ocr_line' id='line_1_10' title="bbox 207 841 1773 893; baseline -0.003 -10"><span class='ocrx_word' id='word_1_64' title='bbox 207 857 279 883; x_wconf 90' lang='lat' dir='ltr'>res</span> <span class='ocrx_word' id='word_1_65' title='bbox 314 843 408 883; x_wconf 90' lang='lat' dir='ltr'>suis</span> <span class='ocrx_word' id='word_1_66' title='bbox 438 841 721 881; x_wconf 79' lang='lat' dir='ltr'>versionibus</span> <span class='ocrx_word' id='word_1_67' title='bbox 751 841 819 880; x_wconf 83' lang='lat' dir='ltr'>hic</span> <span class='ocrx_word' id='word_1_68' title='bbox 849 845 890 880; x_wconf 90' lang='lat' dir='ltr'>et</span> <span class='ocrx_word' id='word_1_69' title='bbox 916 842 1004 881; x_wconf 88' lang='lat' dir='ltr'>illic</span> <span class='ocrx_word' id='word_1_70' title='bbox 1026 842 1239 893; x_wconf 82' lang='lat' dir='ltr'>quosdam</span> <span class='ocrx_word' id='word_1_71' title='bbox 1269 842 1413 892; x_wconf 74' lang='lat' dir='ltr'>gallici</span> <span class='ocrx_word' id='word_1_72' title='bbox 1442 845 1586 881; x_wconf 81' lang='lat' dir='ltr'>textus</span> <span class='ocrx_word' id='word_1_73' title='bbox 1615 852 1773 880; x_wconf 81' lang='lat' dir='ltr'>versus</span> 
     </span>
     <span class='ocr_line' id='line_1_11' title="bbox 206 907 1773 959; baseline -0.003 -11"><span class='ocrx_word' id='word_1_74' title='bbox 206 909 468 948; x_wconf 88' lang='lat' dir='ltr'>inserendos</span> <span class='ocrx_word' id='word_1_75' title='bbox 501 913 775 953; x_wconf 75' lang='lat' dir='ltr'>curaverunt,</span> <span class='ocrx_word' id='word_1_76' title='bbox 809 909 935 958; x_wconf 81' lang='lat' dir='ltr'>cujus</span> <span class='ocrx_word' id='word_1_77' title='bbox 967 907 1029 946; x_wconf 90' lang='lat' dir='ltr'>rei</span> <span class='ocrx_word' id='word_1_78' title='bbox 1061 908 1308 959; x_wconf 77' lang='lat' dir='ltr'>exemplum</span> <span class='ocrx_word' id='word_1_79' title='bbox 1337 908 1436 947; x_wconf 58' lang='lat' dir='ltr'>vide</span> <span class='ocrx_word' id='word_1_80' title='bbox 1471 907 1514 945; x_wconf 87' lang='lat' dir='ltr'>in</span> <span class='ocrx_word' id='word_1_81' title='bbox 1545 907 1773 945; x_wconf 80' lang='lat' dir='ltr'>Karlama-</span> 
     </span>
     <span class='ocr_line' id='line_1_12' title="bbox 207 972 1115 1025; baseline 0 -13"><span class='ocrx_word' id='word_1_82' title='bbox 207 986 321 1025; x_wconf 81' lang='lat' dir='ltr'>gnus</span> <span class='ocrx_word' id='word_1_83' title='bbox 344 985 462 1024; x_wconf 61' lang='lat' dir='ltr'>saga}</span> <span class='ocrx_word' id='word_1_84' title='bbox 488 985 661 1011; x_wconf 87' lang='lat' dir='ltr'>summa</span> <span class='ocrx_word' id='word_1_85' title='bbox 682 985 705 1010; x_wconf 91' lang='lat' dir='ltr'>a</span> <span class='ocrx_word' id='word_1_86' title='bbox 728 972 776 1011; x_wconf 88' lang='lat' dir='ltr'>G.</span> <span class='ocrx_word' id='word_1_87' title='bbox 801 973 927 1011; x_wconf 89' lang='lat' dir='ltr'>Paris</span> <span class='ocrx_word' id='word_1_88' title='bbox 950 973 1066 1012; x_wconf 89' lang='lat' dir='ltr'>edita</span> <span class='ocrx_word' id='word_1_89' title='bbox 1087 974 1115 1012; x_wconf 76' lang='lat'>1.</span> 
     </span>
    </p>

    <p class='ocr_par' dir='ltr' id='par_1_5' title="bbox 206 1036 1777 1467">
     <span class='ocr_line' id='line_1_13' title="bbox 260 1036 1773 1090; baseline -0.001 -14"><span class='ocrx_word' id='word_1_90' title='bbox 260 1037 404 1085; x_wconf 82' lang='lat' dir='ltr'>Quum</span> <span class='ocrx_word' id='word_1_91' title='bbox 426 1036 601 1075; x_wconf 77' lang='lat' dir='ltr'>maximi</span> <span class='ocrx_word' id='word_1_92' title='bbox 633 1037 842 1076; x_wconf 80' lang='lat' dir='ltr'>momenti</span> <span class='ocrx_word' id='word_1_93' title='bbox 874 1037 1031 1076; x_wconf 88' lang='lat' dir='ltr'>horum</span> <span class='ocrx_word' id='word_1_94' title='bbox 1059 1039 1297 1078; x_wconf 71' lang='lat' dir='ltr'>verborum</span> <span class='ocrx_word' id='word_1_95' title='bbox 1327 1037 1586 1090; x_wconf 76' lang='lat' dir='ltr'>gallicorum</span> <span class='ocrx_word' id='word_1_96' title='bbox 1614 1037 1773 1076; x_wconf 86' lang='lat' dir='ltr'>certio-</span> 
     </span>
     <span class='ocr_line' id='line_1_14' title="bbox 206 1102 1769 1153; baseline -0.001 -12"><span class='ocrx_word' id='word_1_97' title='bbox 206 1115 296 1141; x_wconf 90' lang='lat' dir='ltr'>rem</span> <span class='ocrx_word' id='word_1_98' title='bbox 332 1102 540 1141; x_wconf 87' lang='lat' dir='ltr'>Olaviana</span> <span class='ocrx_word' id='word_1_99' title='bbox 576 1102 958 1153; x_wconf 72' lang='lat' dir='ltr'>transcriptionem</span> <span class='ocrx_word' id='word_1_100' title='bbox 996 1103 1078 1142; x_wconf 88' lang='lat' dir='ltr'>sub</span> <span class='ocrx_word' id='word_1_101' title='bbox 1114 1105 1254 1143; x_wconf 84' lang='lat' dir='ltr'>oculis</span> <span class='ocrx_word' id='word_1_102' title='bbox 1290 1104 1450 1142; x_wconf 84' lang='lat' dir='ltr'>habere</span> <span class='ocrx_word' id='word_1_103' title='bbox 1485 1102 1591 1141; x_wconf 89' lang='lat' dir='ltr'>mihi</span> <span class='ocrx_word' id='word_1_104' title='bbox 1628 1105 1769 1149; x_wconf 85' lang='lat' dir='ltr'>esset,</span> 
     </span>
     <span class='ocr_line' id='line_1_15' title="bbox 209 1166 1774 1219; baseline 0 -14"><span class='ocrx_word' id='word_1_105' title='bbox 209 1180 286 1219; x_wconf 88' lang='lat' dir='ltr'>per</span> <span class='ocrx_word' id='word_1_106' title='bbox 319 1166 505 1217; x_wconf 77' lang='lat' dir='ltr'>gratiam</span> <span class='ocrx_word' id='word_1_107' title='bbox 540 1167 667 1205; x_wconf 85' lang='lat' dir='ltr'>amici</span> <span class='ocrx_word' id='word_1_108' title='bbox 687 1167 727 1205; x_wconf 84' lang='lat' dir='ltr'>J.</span> <span class='ocrx_word' id='word_1_109' title='bbox 753 1167 899 1206; x_wconf 80' lang='lat' dir='ltr'>Storm</span> <span class='ocrx_word' id='word_1_110' title='bbox 935 1172 977 1206; x_wconf 88' lang='lat' dir='ltr'>et</span> <span class='ocrx_word' id='word_1_111' title='bbox 1010 1168 1173 1207; x_wconf 88' lang='lat' dir='ltr'>domini</span> <span class='ocrx_word' id='word_1_112' title='bbox 1203 1169 1247 1208; x_wconf 76' lang='lat' dir='ltr'>S.</span> <span class='ocrx_word' id='word_1_113' title='bbox 1272 1169 1426 1219; x_wconf 70' lang='lat' dir='ltr'>Bugge</span> <span class='ocrx_word' id='word_1_114' title='bbox 1455 1167 1774 1207; x_wconf 86' lang='lat' dir='ltr'>Christianien-</span> 
     </span>
     <span class='ocr_line' id='line_1_16' title="bbox 207 1231 1773 1285; baseline 0 -14"><span class='ocrx_word' id='word_1_115' title='bbox 207 1232 336 1278; x_wconf 77' lang='lat' dir='ltr'>sium,</span> <span class='ocrx_word' id='word_1_116' title='bbox 362 1244 384 1269; x_wconf 88' lang='lat' dir='ltr'>a</span> <span class='ocrx_word' id='word_1_117' title='bbox 411 1231 666 1271; x_wconf 88' lang='lat' dir='ltr'>doctoribus</span> <span class='ocrx_word' id='word_1_118' title='bbox 699 1232 1001 1271; x_wconf 85' lang='lat' dir='ltr'>Oderschioeld</span> <span class='ocrx_word' id='word_1_119' title='bbox 1037 1236 1078 1272; x_wconf 89' lang='lat' dir='ltr'>et</span> <span class='ocrx_word' id='word_1_120' title='bbox 1110 1234 1179 1272; x_wconf 88' lang='lat' dir='ltr'>Fr.</span> <span class='ocrx_word' id='word_1_121' title='bbox 1205 1234 1353 1273; x_wconf 77' lang='lat' dir='ltr'>Wulff</span> <span class='ocrx_word' id='word_1_122' title='bbox 1381 1233 1602 1285; x_wconf 77' lang='lat' dir='ltr'>proverbii</span> <span class='ocrx_word' id='word_1_123' title='bbox 1632 1237 1773 1272; x_wconf 87' lang='lat' dir='ltr'>trans-</span> 
     </span>
     <span class='ocr_line' id='line_1_17' title="bbox 206 1297 1777 1350; baseline 0.002 -15"><span class='ocrx_word' id='word_1_124' title='bbox 206 1297 465 1348; x_wconf 83' lang='lat' dir='ltr'>criptionem</span> <span class='ocrx_word' id='word_1_125' title='bbox 489 1300 530 1336; x_wconf 88' lang='lat' dir='ltr'>et</span> <span class='ocrx_word' id='word_1_126' title='bbox 554 1298 887 1348; x_wconf 78' lang='lat' dir='ltr'>explicationem</span> <span class='ocrx_word' id='word_1_127' title='bbox 918 1299 1079 1350; x_wconf 87' lang='lat' dir='ltr'>accepi,</span> <span class='ocrx_word' id='word_1_128' title='bbox 1105 1300 1230 1349; x_wconf 87' lang='lat' dir='ltr'>qualo</span> <span class='ocrx_word' id='word_1_129' title='bbox 1264 1300 1349 1338; x_wconf 83' lang='lat' dir='ltr'>fert</span> <span class='ocrx_word' id='word_1_130' title='bbox 1378 1299 1513 1338; x_wconf 74' lang='lat' dir='ltr'>codex</span> <span class='ocrx_word' id='word_1_131' title='bbox 1535 1298 1582 1346; x_wconf 87' lang='lat' dir='ltr'>F,</span> <span class='ocrx_word' id='word_1_132' title='bbox 1608 1300 1777 1339; x_wconf 86' lang='lat' dir='ltr'>scilicet</span> 
     </span>
     <span class='ocr_line' id='line_1_18' title="bbox 207 1362 1772 1414; baseline 0.003 -14"><span class='ocrx_word' id='word_1_133' title='bbox 207 1362 342 1401; x_wconf 74' lang='lat' dir='ltr'>codex</span> <span class='ocrx_word' id='word_1_134' title='bbox 365 1363 495 1401; x_wconf 74' lang='lat' dir='ltr'>Arnae</span> <span class='ocrx_word' id='word_1_135' title='bbox 524 1363 714 1414; x_wconf 77' lang='lat' dir='ltr'>Magnaei</span> <span class='ocrx_word' id='word_1_136' title='bbox 744 1364 822 1401; x_wconf 72' lang='lat'>580</span> <span class='ocrx_word' id='word_1_137' title='bbox 842 1364 893 1411; x_wconf 71' lang='lat' dir='ltr'>A,</span> <span class='ocrx_word' id='word_1_138' title='bbox 917 1363 960 1402; x_wconf 93' lang='lat' dir='ltr'>in</span> <span class='ocrx_word' id='word_1_139' title='bbox 983 1367 1039 1410; x_wconf 72' lang='lat'>40,</span> <span class='ocrx_word' id='word_1_140' title='bbox 1066 1365 1180 1404; x_wconf 84' lang='lat' dir='ltr'>circa</span> <span class='ocrx_word' id='word_1_141' title='bbox 1209 1377 1369 1404; x_wconf 88' lang='lat' dir='ltr'>annum</span> <span class='ocrx_word' id='word_1_142' title='bbox 1402 1366 1506 1403; x_wconf 33' lang='lat'>*1300</span> <span class='ocrx_word' id='word_1_143' title='bbox 1536 1370 1739 1404; x_wconf 78' lang='lat' dir='ltr'>exaratus</span> <span class='ocrx_word' id='word_1_144' title='bbox 1765 1378 1772 1403; x_wconf 87' lang='lat'><strong>:</strong></span> 
     </span>
     <span class='ocr_line' id='line_1_19' title="bbox 208 1427 555 1467; baseline 0 -1"><span class='ocrx_word' id='word_1_145' title='bbox 208 1427 288 1466; x_wconf 91' lang='lat' dir='ltr'>Hic</span> <span class='ocrx_word' id='word_1_146' title='bbox 311 1432 379 1466; x_wconf 80' lang='lat' dir='ltr'>cst</span> <span class='ocrx_word' id='word_1_147' title='bbox 397 1429 522 1467; x_wconf 87' lang='lat' dir='ltr'>locus</span> <span class='ocrx_word' id='word_1_148' title='bbox 548 1440 555 1466; x_wconf 90' lang='lat'>:</span> 
     </span>
    </p>

    <p class='ocr_par' dir='ltr' id='par_1_6' title="bbox 203 1492 1773 1871">
     <span class='ocr_line' id='line_1_20' title="bbox 266 1492 1773 1547; baseline 0.003 -17"><span class='ocrx_word' id='word_1_149' title='bbox 266 1508 284 1527; x_wconf 87' lang='lat'>«</span> <span class='ocrx_word' id='word_1_150' title='bbox 318 1492 485 1531; x_wconf 84' lang='lat' dir='ltr'>Fracka</span> <span class='ocrx_word' id='word_1_151' title='bbox 504 1493 705 1544; x_wconf 74' lang='lat' dir='ltr'>konvngr</span> <span class='ocrx_word' id='word_1_152' title='bbox 726 1506 890 1535; x_wconf 68' lang='lat' dir='ltr'>svarar.</span> <span class='ocrx_word' id='word_1_153' title='bbox 918 1498 967 1534; x_wconf 70' lang='lat' dir='ltr'>Ov</span> <span class='ocrx_word' id='word_1_154' title='bbox 988 1495 1061 1533; x_wconf 88' lang='lat' dir='ltr'>inn</span> <span class='ocrx_word' id='word_1_155' title='bbox 1084 1496 1221 1535; x_wconf 76' lang='lat' dir='ltr'>versti</span> <span class='ocrx_word' id='word_1_156' title='bbox 1243 1499 1345 1547; x_wconf 67' lang='lat' dir='ltr'>pvtv</span> <span class='ocrx_word' id='word_1_157' title='bbox 1366 1508 1459 1534; x_wconf 87' lang='lat' dir='ltr'>son.</span> <span class='ocrx_word' id='word_1_158' title='bbox 1484 1495 1620 1546; x_wconf 76' lang='lat' dir='ltr'>lcingi</span> <span class='ocrx_word' id='word_1_159' title='bbox 1648 1496 1773 1535; x_wconf 76' lang='lat' dir='ltr'>hevir</span> 
     </span>
     <span class='ocr_line' id='line_1_21' title="bbox 207 1557 1773 1611; baseline 0.003 -16"><span class='ocrx_word' id='word_1_160' title='bbox 207 1559 257 1596; x_wconf 62' lang='lat' dir='ltr'>(lv</span> <span class='ocrx_word' id='word_1_161' title='bbox 287 1557 417 1596; x_wconf 77' lang='lat' dir='ltr'>illzkv</span> <span class='ocrx_word' id='word_1_162' title='bbox 446 1558 566 1609; x_wconf 53' lang='lat' dir='ltr'>sylzt.</span> <span class='ocrx_word' id='word_1_163' title='bbox 592 1559 647 1597; x_wconf 81' lang='lat' dir='ltr'>ok</span> <span class='ocrx_word' id='word_1_164' title='bbox 677 1559 798 1610; x_wconf 64' lang='lat' dir='ltr'>synir</span> <span class='ocrx_word' id='word_1_165' title='bbox 819 1563 866 1599; x_wconf 68' lang='lat' dir='ltr'>Ox·</span> <span class='ocrx_word' id='word_1_166' title='bbox 889 1560 901 1598; x_wconf 93' lang='lat' dir='ltr'>i</span> <span class='ocrx_word' id='word_1_167' title='bbox 923 1561 1063 1599; x_wconf 76' lang='lat' dir='ltr'>Oinom</span> <span class='ocrx_word' id='word_1_168' title='bbox 1095 1562 1238 1600; x_wconf 66' lang='lat' dir='ltr'>01²?vn]</span> <span class='ocrx_word' id='word_1_169' title='bbox 1262 1560 1514 1611; x_wconf 78' lang='lat' dir='ltr'>hegomliga</span> <span class='ocrx_word' id='word_1_170' title='bbox 1544 1561 1686 1600; x_wconf 76' lang='lat' dir='ltr'>aetlan.</span> <span class='ocrx_word' id='word_1_171' title='bbox 1718 1561 1773 1600; x_wconf 84' lang='lat' dir='ltr'>ok</span> 
     </span>
     <span class='ocr_line' id='line_1_22' title="bbox 207 1626 1772 1676; baseline 0.004 -16"><span class='ocrx_word' id='word_1_172' title='bbox 207 1635 264 1661; x_wconf 84' lang='lat' dir='ltr'>nv</span> <span class='ocrx_word' id='word_1_173' title='bbox 314 1635 474 1661; x_wconf 84' lang='lat' dir='ltr'>sannaz</span> <span class='ocrx_word' id='word_1_174' title='bbox 515 1626 581 1662; x_wconf 74' lang='lat' dir='ltr'>Oat</span> <span class='ocrx_word' id='word_1_175' title='bbox 629 1637 675 1663; x_wconf 90' lang='lat' dir='ltr'>er</span> <span class='ocrx_word' id='word_1_176' title='bbox 725 1626 967 1676; x_wconf 63' lang='lat' dir='ltr'>t‘ornqveEit</span> <span class='ocrx_word' id='word_1_177' title='bbox 1005 1639 1053 1665; x_wconf 89' lang='lat' dir='ltr'>er</span> <span class='ocrx_word' id='word_1_178' title='bbox 1091 1639 1113 1664; x_wconf 88' lang='lat' dir='ltr'>a</span> <span class='ocrx_word' id='word_1_179' title='bbox 1154 1626 1320 1665; x_wconf 79' lang='lat' dir='ltr'>frankis</span> <span class='ocrx_word' id='word_1_180' title='bbox 1361 1638 1519 1664; x_wconf 83' lang='lat' dir='ltr'>manna</span> <span class='ocrx_word' id='word_1_181' title='bbox 1567 1631 1713 1676; x_wconf 68' lang='lat' dir='ltr'>tvngv.</span> <span class='ocrx_word' id='word_1_182' title='bbox 1754 1628 1772 1667; x_wconf 75' lang='grc' dir='ltr'><strong>Ξ</strong></span> 
     </span>
     <span class='ocr_line' id='line_1_23' title="bbox 208 1688 1768 1742; baseline 0.001 -17"><span class='ocrx_word' id='word_1_183' title='bbox 208 1704 226 1724; x_wconf 89' lang='lat'>«</span> <span class='ocrx_word' id='word_1_184' title='bbox 258 1688 416 1727; x_wconf 83' lang='lat' dir='ltr'>Kicent</span> <span class='ocrx_word' id='word_1_185' title='bbox 448 1690 685 1741; x_wconf 69' lang='lat' dir='ltr'>suneoplvs</span> <span class='ocrx_word' id='word_1_186' title='bbox 720 1696 817 1741; x_wconf 72' lang='lat' dir='ltr'>q⁰sa</span> <span class='ocrx_word' id='word_1_187' title='bbox 845 1691 948 1729; x_wconf 85' lang='lat' dir='ltr'>chra</span> <span class='ocrx_word' id='word_1_188' title='bbox 975 1704 1084 1742; x_wconf 79' lang='lat' dir='ltr'>pene</span> <span class='ocrx_word' id='word_1_189' title='bbox 1115 1695 1231 1730; x_wconf 89' lang='lat' dir='ltr'>tenet</span> <span class='ocrx_word' id='word_1_190' title='bbox 1260 1695 1347 1730; x_wconf 89' lang='lat' dir='ltr'>tost</span> <span class='ocrx_word' id='word_1_191' title='bbox 1373 1694 1467 1742; x_wconf 62' lang='lat' dir='ltr'>qssnt</span> <span class='ocrx_word' id='word_1_192' title='bbox 1487 1691 1723 1730; x_wconf 70' lang='lat' dir='ltr'>frendvret.</span> <span class='ocrx_word' id='word_1_193' title='bbox 1749 1707 1768 1727; x_wconf 90' lang='lat'>»</span> 
     </span>
     <span class='ocr_line' id='line_1_24' title="bbox 203 1755 1771 1808; baseline 0.002 -16"><span class='ocrx_word' id='word_1_194' title='bbox 203 1755 269 1792; x_wconf 64' lang='lat' dir='ltr'>flat</span> <span class='ocrx_word' id='word_1_195' title='bbox 292 1765 338 1790; x_wconf 89' lang='lat' dir='ltr'>er</span> <span class='ocrx_word' id='word_1_196' title='bbox 360 1765 436 1791; x_wconf 73' lang='lat' dir='ltr'>sva</span> <span class='ocrx_word' id='word_1_197' title='bbox 468 1767 491 1793; x_wconf 92' lang='lat' dir='ltr'>a</span> <span class='ocrx_word' id='word_1_198' title='bbox 517 1768 621 1794; x_wconf 76' lang='lat' dir='ltr'>vara</span> <span class='ocrx_word' id='word_1_199' title='bbox 643 1760 790 1807; x_wconf 74' lang='lat' dir='ltr'>tvngv.</span> <span class='ocrx_word' id='word_1_200' title='bbox 819 1769 868 1795; x_wconf 89' lang='lat' dir='ltr'>sa</span> <span class='ocrx_word' id='word_1_201' title='bbox 890 1769 936 1795; x_wconf 89' lang='lat' dir='ltr'>er</span> <span class='ocrx_word' id='word_1_202' title='bbox 955 1758 1106 1808; x_wconf 80' lang='lat' dir='ltr'>lengra</span> <span class='ocrx_word' id='word_1_203' title='bbox 1126 1757 1251 1796; x_wconf 87' lang='lat' dir='ltr'>rettir</span> <span class='ocrx_word' id='word_1_204' title='bbox 1280 1757 1377 1796; x_wconf 88' lang='lat' dir='ltr'>sinn</span> <span class='ocrx_word' id='word_1_205' title='bbox 1398 1757 1458 1796; x_wconf 78' lang='lat' dir='ltr'>fot</span> <span class='ocrx_word' id='word_1_206' title='bbox 1479 1769 1531 1795; x_wconf 86' lang='lat' dir='ltr'>en</span> <span class='ocrx_word' id='word_1_207' title='bbox 1551 1755 1635 1807; x_wconf 64' lang='lat' dir='ltr'>yfir</span> <span class='ocrx_word' id='word_1_208' title='bbox 1667 1756 1771 1795; x_wconf 88' lang='lat' dir='ltr'>hofn</span> 
     </span>
     <span class='ocr_line' id='line_1_25' title="bbox 203 1817 1448 1871; baseline 0.005 -16"><span class='ocrx_word' id='word_1_209' title='bbox 203 1817 312 1855; x_wconf 85' lang='lat' dir='ltr'>hans</span> <span class='ocrx_word' id='word_1_210' title='bbox 336 1818 444 1856; x_wconf 81' lang='lat' dir='ltr'>tekr.</span> <span class='ocrx_word' id='word_1_211' title='bbox 469 1819 584 1858; x_wconf 87' lang='lat' dir='ltr'>hann</span> <span class='ocrx_word' id='word_1_212' title='bbox 606 1820 716 1859; x_wconf 67' lang='lat' dir='ltr'>iEraz</span> <span class='ocrx_word' id='word_1_213' title='bbox 738 1823 867 1871; x_wconf 67' lang='lat' dir='ltr'>{legar</span> <span class='ocrx_word' id='word_1_214' title='bbox 887 1822 996 1861; x_wconf 63' lang='lat' dir='ltr'>kolei</span> <span class='ocrx_word' id='word_1_215' title='bbox 1019 1822 1142 1860; x_wconf 81' lang='lat' dir='ltr'>kemr</span> <span class='ocrx_word' id='word_1_216' title='bbox 1164 1825 1206 1860; x_wconf 84' lang='lat' dir='ltr'>at</span> <span class='ocrx_word' id='word_1_217' title='bbox 1228 1822 1406 1861; x_wconf 85' lang='lat' dir='ltr'>hanum.</span> <span class='ocrx_word' id='word_1_218' title='bbox 1430 1837 1448 1856; x_wconf 83' lang='lat'>»</span> 
     </span>
    </p>

    <p class='ocr_par' dir='ltr' id='par_1_7' title="bbox 201 1881 1773 2324">
     <span class='ocr_line' id='line_1_26' title="bbox 259 1881 1773 1935; baseline 0.003 -15"><span class='ocrx_word' id='word_1_219' title='bbox 259 1881 384 1929; x_wconf 80' lang='lat' dir='ltr'>Quod</span> <span class='ocrx_word' id='word_1_220' title='bbox 424 1885 665 1922; x_wconf 85' lang='lat' dir='ltr'>secundum</span> <span class='ocrx_word' id='word_1_221' title='bbox 700 1885 901 1935; x_wconf 73' lang='lat' dir='ltr'>gallicam</span> <span class='ocrx_word' id='word_1_222' title='bbox 937 1886 1099 1924; x_wconf 89' lang='lat' dir='ltr'>domini</span> <span class='ocrx_word' id='word_1_223' title='bbox 1132 1886 1293 1924; x_wconf 75' lang='lat' dir='ltr'>Wulfii</span> <span class='ocrx_word' id='word_1_224' title='bbox 1333 1886 1583 1925; x_wconf 66' lang='lat' dir='ltr'>versionem</span> <span class='ocrx_word' id='word_1_225' title='bbox 1623 1885 1686 1924; x_wconf 86' lang='lat' dir='ltr'>sic</span> <span class='ocrx_word' id='word_1_226' title='bbox 1719 1885 1773 1924; x_wconf 85' lang='lat' dir='ltr'>ad</span> 
     </span>
     <span class='ocr_line' id='line_1_27' title="bbox 202 1947 1772 2002; baseline 0.003 -17"><span class='ocrx_word' id='word_1_227' title='bbox 202 1947 386 1986; x_wconf 69' lang='lat' dir='ltr'>verbum</span> <span class='ocrx_word' id='word_1_228' title='bbox 421 1948 715 2000; x_wconf 86' lang='lat' dir='ltr'>interpreter:</span> <span class='ocrx_word' id='word_1_229' title='bbox 744 1968 761 1985; x_wconf 84' lang='lat'>«</span> <span class='ocrx_word' id='word_1_230' title='bbox 786 1951 877 1990; x_wconf 75' lang='lat' dir='ltr'>Rex</span> <span class='ocrx_word' id='word_1_231' title='bbox 912 1951 1180 1990; x_wconf 72' lang='lat' dir='ltr'>Francorum</span> <span class='ocrx_word' id='word_1_232' title='bbox 1215 1952 1454 2002; x_wconf 82' lang='lat' dir='ltr'>respondet</span> <span class='ocrx_word' id='word_1_233' title='bbox 1483 1963 1491 1988; x_wconf 81' lang='lat'>2</span> <span class='ocrx_word' id='word_1_234' title='bbox 1517 1951 1596 1997; x_wconf 82' lang='lat' dir='ltr'>Tu,</span> <span class='ocrx_word' id='word_1_235' title='bbox 1628 1951 1772 2001; x_wconf 88' lang='lat' dir='ltr'>pessi-</span> 
     </span>
     <span class='ocr_line' id='line_1_28' title="bbox 205 2013 1769 2067; baseline 0.002 -17"><span class='ocrx_word' id='word_1_236' title='bbox 205 2025 273 2051; x_wconf 87' lang='lat' dir='ltr'>me</span> <span class='ocrx_word' id='word_1_237' title='bbox 297 2013 355 2051; x_wconf 88' lang='lat' dir='ltr'>fili</span> <span class='ocrx_word' id='word_1_238' title='bbox 380 2014 646 2061; x_wconf 80' lang='lat' dir='ltr'>meretricis,</span> <span class='ocrx_word' id='word_1_239' title='bbox 686 2016 759 2054; x_wconf 88' lang='lat' dir='ltr'>diu</span> <span class='ocrx_word' id='word_1_240' title='bbox 793 2015 912 2054; x_wconf 75' lang='lat' dir='ltr'>suisti</span> <span class='ocrx_word' id='word_1_241' title='bbox 950 2016 1116 2054; x_wconf 82' lang='lat' dir='ltr'>malitia</span> <span class='ocrx_word' id='word_1_242' title='bbox 1149 2017 1320 2067; x_wconf 80' lang='lat' dir='ltr'>plenus,</span> <span class='ocrx_word' id='word_1_243' title='bbox 1354 2019 1395 2054; x_wconf 88' lang='lat' dir='ltr'>ct</span> <span class='ocrx_word' id='word_1_244' title='bbox 1426 2020 1648 2054; x_wconf 82' lang='lat' dir='ltr'>monstras</span> <span class='ocrx_word' id='word_1_245' title='bbox 1682 2015 1769 2054; x_wconf 83' lang='lat' dir='ltr'>tuis</span> 
     </span>
     <span class='ocr_line' id='line_1_29' title="bbox 201 2077 1771 2131; baseline 0.003 -16"><span class='ocrx_word' id='word_1_246' title='bbox 201 2077 386 2116; x_wconf 69' lang='lat' dir='ltr'>vocibus</span> <span class='ocrx_word' id='word_1_247' title='bbox 419 2079 603 2117; x_wconf 87' lang='lat' dir='ltr'>stultum</span> <span class='ocrx_word' id='word_1_248' title='bbox 636 2080 891 2128; x_wconf 84' lang='lat' dir='ltr'>consilium3</span> <span class='ocrx_word' id='word_1_249' title='bbox 918 2085 960 2119; x_wconf 89' lang='lat' dir='ltr'>et</span> <span class='ocrx_word' id='word_1_250' title='bbox 988 2092 1101 2119; x_wconf 90' lang='lat' dir='ltr'>nunc</span> <span class='ocrx_word' id='word_1_251' title='bbox 1134 2093 1288 2119; x_wconf 61' lang='lat' dir='ltr'>verum</span> <span class='ocrx_word' id='word_1_252' title='bbox 1319 2080 1426 2119; x_wconf 85' lang='lat' dir='ltr'>illud</span> <span class='ocrx_word' id='word_1_253' title='bbox 1454 2082 1547 2131; x_wconf 75' lang='lat' dir='ltr'>jam</span> <span class='ocrx_word' id='word_1_254' title='bbox 1581 2081 1711 2131; x_wconf 81' lang='lat' dir='ltr'>longo</span> <span class='ocrx_word' id='word_1_255' title='bbox 1747 2093 1771 2119; x_wconf 86' lang='lat' dir='ltr'>a</span> 
     </span>
     <span class='ocr_line' id='line_1_30' title="bbox 204 2144 1765 2196; baseline 0.003 -16"><span class='ocrx_word' id='word_1_256' title='bbox 204 2145 401 2193; x_wconf 88' lang='lat' dir='ltr'>tempore</span> <span class='ocrx_word' id='word_1_257' title='bbox 444 2144 598 2193; x_wconf 79' lang='lat' dir='ltr'>gallice</span> <span class='ocrx_word' id='word_1_258' title='bbox 642 2145 805 2184; x_wconf 83' lang='lat' dir='ltr'>dictum</span> <span class='ocrx_word' id='word_1_259' title='bbox 838 2158 845 2184; x_wconf 92' lang='lat'><strong>:</strong></span> <span class='ocrx_word' id='word_1_260' title='bbox 893 2149 959 2184; x_wconf 85' lang='lat' dir='ltr'>otc</span> <span class='ocrx_word' id='word_1_261' title='bbox 966 2176 1045 2184; x_wconf 90' lang='lat'><strong>.....</strong></span> <span class='ocrx_word' id='word_1_262' title='bbox 1094 2146 1176 2184; x_wconf 87' lang='lat' dir='ltr'>hoc</span> <span class='ocrx_word' id='word_1_263' title='bbox 1212 2149 1279 2185; x_wconf 89' lang='lat' dir='ltr'>est</span> <span class='ocrx_word' id='word_1_264' title='bbox 1311 2145 1353 2184; x_wconf 91' lang='lat' dir='ltr'>in</span> <span class='ocrx_word' id='word_1_265' title='bbox 1386 2149 1539 2184; x_wconf 81' lang='lat' dir='ltr'>nostra</span> <span class='ocrx_word' id='word_1_266' title='bbox 1570 2145 1721 2196; x_wconf 79' lang='lat' dir='ltr'>lingua</span> <span class='ocrx_word' id='word_1_267' title='bbox 1757 2158 1765 2184; x_wconf 75' lang='grc' dir='ltr'>ε</span> 
     </span>
     <span class='ocr_line' id='line_1_31' title="bbox 206 2207 1765 2263; baseline 0.006 -21"><span class='ocrx_word' id='word_1_268' title='bbox 206 2223 224 2241; x_wconf 86' lang='lat'>«</span> <span class='ocrx_word' id='word_1_269' title='bbox 249 2207 331 2254; x_wconf 74' lang='lat' dir='ltr'>Qui</span> <span class='ocrx_word' id='word_1_270' title='bbox 362 2207 537 2258; x_wconf 79' lang='lat' dir='ltr'>longius</span> <span class='ocrx_word' id='word_1_271' title='bbox 569 2210 790 2259; x_wconf 84' lang='lat' dir='ltr'>protendit</span> <span class='ocrx_word' id='word_1_272' title='bbox 818 2211 974 2261; x_wconf 87' lang='lat' dir='ltr'>pedem</span> <span class='ocrx_word' id='word_1_273' title='bbox 1004 2223 1134 2261; x_wconf 85' lang='lat' dir='ltr'>quam</span> <span class='ocrx_word' id='word_1_274' title='bbox 1162 2223 1292 2250; x_wconf 86' lang='lat' dir='ltr'>suum</span> <span class='ocrx_word' id='word_1_275' title='bbox 1323 2210 1517 2262; x_wconf 84' lang='lat' dir='ltr'>pallium,</span> <span class='ocrx_word' id='word_1_276' title='bbox 1543 2223 1642 2250; x_wconf 88' lang='lat' dir='ltr'>eum</span> <span class='ocrx_word' id='word_1_277' title='bbox 1672 2224 1765 2263; x_wconf 87' lang='lat' dir='ltr'>poe-</span> 
     </span>
     <span class='ocr_line' id='line_1_32' title="bbox 202 2272 910 2324; baseline 0 -14"><span class='ocrx_word' id='word_1_278' title='bbox 202 2272 312 2311; x_wconf 90' lang='lat' dir='ltr'>nitet</span> <span class='ocrx_word' id='word_1_279' title='bbox 331 2272 477 2311; x_wconf 87' lang='lat' dir='ltr'>statim</span> <span class='ocrx_word' id='word_1_280' title='bbox 501 2286 548 2312; x_wconf 89' lang='lat' dir='ltr'>ac</span> <span class='ocrx_word' id='word_1_281' title='bbox 570 2274 711 2324; x_wconf 75' lang='lat' dir='ltr'>frigus</span> <span class='ocrx_word' id='word_1_282' title='bbox 734 2276 865 2314; x_wconf 67' lang='lat' dir='ltr'>venit.</span> <span class='ocrx_word' id='word_1_283' title='bbox 892 2292 910 2310; x_wconf 81' lang='lat'>»</span> 
     </span>
    </p>

    <p class='ocr_par' dir='ltr' id='par_1_8' title="bbox 201 2336 1769 2720">
     <span class='ocr_line' id='line_1_33' title="bbox 257 2336 1764 2393; baseline 0.003 -17"><span class='ocrx_word' id='word_1_284' title='bbox 257 2336 470 2376; x_wconf 87' lang='lat' dir='ltr'>Gallicum</span> <span class='ocrx_word' id='word_1_285' title='bbox 507 2340 788 2390; x_wconf 72' lang='lat' dir='ltr'>proverbium</span> <span class='ocrx_word' id='word_1_286' title='bbox 825 2354 928 2380; x_wconf 87' lang='lat' dir='ltr'>sane</span> <span class='ocrx_word' id='word_1_287' title='bbox 963 2355 986 2380; x_wconf 87' lang='lat' dir='ltr'>a</span> <span class='ocrx_word' id='word_1_288' title='bbox 1020 2342 1165 2381; x_wconf 86' lang='lat' dir='ltr'>scriba</span> <span class='ocrx_word' id='word_1_289' title='bbox 1202 2343 1267 2380; x_wconf 68' lang='lat' dir='ltr'>vel</span> <span class='ocrx_word' id='word_1_290' title='bbox 1313 2341 1472 2381; x_wconf 86' lang='lat' dir='ltr'>scribis</span> <span class='ocrx_word' id='word_1_291' title='bbox 1509 2341 1764 2393; x_wconf 85' lang='lat' dir='ltr'>(monachos</span> 
     </span>
     <span class='ocr_line' id='line_1_34' title="bbox 201 2402 1764 2458; baseline 0.003 -18"><span class='ocrx_word' id='word_1_292' title='bbox 201 2402 341 2441; x_wconf 79' lang='lat' dir='ltr'>fuisse</span> <span class='ocrx_word' id='word_1_293' title='bbox 376 2403 615 2443; x_wconf 70' lang='lat' dir='ltr'>verisimile</span> <span class='ocrx_word' id='word_1_294' title='bbox 647 2405 728 2456; x_wconf 72' lang='lat' dir='ltr'>est)</span> <span class='ocrx_word' id='word_1_295' title='bbox 765 2406 838 2456; x_wconf 83' lang='lat' dir='ltr'>qui</span> <span class='ocrx_word' id='word_1_296' title='bbox 872 2407 1142 2458; x_wconf 85' lang='lat' dir='ltr'>primitivum</span> <span class='ocrx_word' id='word_1_297' title='bbox 1183 2407 1459 2447; x_wconf 80' lang='lat' dir='ltr'>translatoris</span> <span class='ocrx_word' id='word_1_298' title='bbox 1500 2407 1764 2446; x_wconf 86' lang='lat' dir='ltr'>islandicum</span> 
     </span>
     <span class='ocr_line' id='line_1_35' title="bbox 204 2468 1765 2524; baseline 0.004 -19"><span class='ocrx_word' id='word_1_299' title='bbox 204 2470 367 2506; x_wconf 78' lang='lat' dir='ltr'>textum</span> <span class='ocrx_word' id='word_1_300' title='bbox 404 2468 790 2520; x_wconf 84' lang='lat' dir='ltr'>transcripserunt,</span> <span class='ocrx_word' id='word_1_301' title='bbox 815 2475 1069 2523; x_wconf 78' lang='lat' dir='ltr'>corruptum</span> <span class='ocrx_word' id='word_1_302' title='bbox 1099 2475 1179 2511; x_wconf 83' lang='lat' dir='ltr'>est.</span> <span class='ocrx_word' id='word_1_303' title='bbox 1205 2472 1249 2511; x_wconf 79' lang='lat' dir='ltr'>Si</span> <span class='ocrx_word' id='word_1_304' title='bbox 1273 2472 1502 2524; x_wconf 78' lang='lat' dir='ltr'>scripturae</span> <span class='ocrx_word' id='word_1_305' title='bbox 1530 2471 1765 2511; x_wconf 79' lang='lat' dir='ltr'>mediaeva-</span> 
     </span>
     <span class='ocr_line' id='line_1_36' title="bbox 201 2532 1764 2589; baseline 0.003 -20"><span class='ocrx_word' id='word_1_306' title='bbox 201 2532 256 2570; x_wconf 87' lang='lat' dir='ltr'>lis</span> <span class='ocrx_word' id='word_1_307' title='bbox 278 2533 388 2572; x_wconf 83' lang='lat' dir='ltr'>ratio</span> <span class='ocrx_word' id='word_1_308' title='bbox 412 2533 610 2581; x_wconf 84' lang='lat' dir='ltr'>habetur,</span> <span class='ocrx_word' id='word_1_309' title='bbox 634 2538 676 2573; x_wconf 87' lang='lat' dir='ltr'>et</span> <span class='ocrx_word' id='word_1_310' title='bbox 704 2535 892 2585; x_wconf 69' lang='lat' dir='ltr'>siqlorzem</span> <span class='ocrx_word' id='word_1_311' title='bbox 926 2537 1258 2589; x_wconf 82' lang='lat' dir='ltr'>litterarumque</span> <span class='ocrx_word' id='word_1_312' title='bbox 1292 2550 1386 2588; x_wconf 80' lang='lat' dir='ltr'>quae</span> <span class='ocrx_word' id='word_1_313' title='bbox 1418 2538 1532 2576; x_wconf 90' lang='lat' dir='ltr'>inter</span> <span class='ocrx_word' id='word_1_314' title='bbox 1563 2549 1609 2576; x_wconf 86' lang='lat' dir='ltr'>se</span> <span class='ocrx_word' id='word_1_315' title='bbox 1637 2536 1764 2575; x_wconf 85' lang='lat' dir='ltr'>facile</span> 
     </span>
     <span class='ocr_line' id='line_1_37' title="bbox 204 2598 1769 2647; baseline 0.003 -12"><span class='ocrx_word' id='word_1_316' title='bbox 204 2598 542 2647; x_wconf 73' lang='lat' dir='ltr'>confunduntur⁷</span> <span class='ocrx_word' id='word_1_317' title='bbox 567 2600 657 2638; x_wconf 86' lang='lat' dir='ltr'>fere</span> <span class='ocrx_word' id='word_1_318' title='bbox 693 2604 830 2639; x_wconf 85' lang='lat' dir='ltr'>totum</span> <span class='ocrx_word' id='word_1_319' title='bbox 865 2606 1112 2641; x_wconf 86' lang='lat' dir='ltr'>restaurare</span> <span class='ocrx_word' id='word_1_320' title='bbox 1147 2603 1248 2642; x_wconf 81' lang='lat' dir='ltr'>licet</span> <span class='ocrx_word' id='word_1_321' title='bbox 1273 2603 1316 2641; x_wconf 88' lang='lat' dir='ltr'>in</span> <span class='ocrx_word' id='word_1_322' title='bbox 1339 2604 1452 2642; x_wconf 84' lang='lat' dir='ltr'>hunc</span> <span class='ocrx_word' id='word_1_323' title='bbox 1482 2603 1660 2642; x_wconf 85' lang='lat' dir='ltr'>modum</span> <span class='ocrx_word' id='word_1_324' title='bbox 1686 2614 1693 2640; x_wconf 90' lang='lat'>:</span> <span class='ocrx_word' id='word_1_325' title='bbox 1717 2602 1769 2641; x_wconf 76' lang='lat' dir='ltr'>Kc&#39;</span> 
     </span>
     <span class='ocr_line' id='line_1_38' title="bbox 203 2664 1668 2720; baseline 0.003 -21"><span class='ocrx_word' id='word_1_326' title='bbox 203 2668 284 2700; x_wconf 70' lang='lat' dir='ltr'>tent</span> <span class='ocrx_word' id='word_1_327' title='bbox 305 2676 370 2700; x_wconf 73' lang='lat' dir='ltr'>son</span> <span class='ocrx_word' id='word_1_328' title='bbox 389 2665 454 2716; x_wconf 72' lang='lat' dir='ltr'>pie</span> <span class='ocrx_word' id='word_1_329' title='bbox 469 2664 560 2717; x_wconf 67' lang='lat' dir='ltr'>plus</span> <span class='ocrx_word' id='word_1_330' title='bbox 583 2678 656 2717; x_wconf 70' lang='lat' dir='ltr'>que</span> <span class='ocrx_word' id='word_1_331' title='bbox 676 2678 717 2703; x_wconf 76' lang='lat' dir='ltr'>sa</span> <span class='ocrx_word' id='word_1_332' title='bbox 740 2665 929 2718; x_wconf 59' lang='lat' dir='ltr'>cl&#39;eaQwI&#39;j</span> <span class='ocrx_word' id='word_1_333' title='bbox 948 2680 1046 2719; x_wconf 58' lang='lat' dir='ltr'>pene</span> <span class='ocrx_word' id='word_1_334' title='bbox 1066 2669 1163 2706; x_wconf 69' lang='lat' dir='ltr'>[ient</span> <span class='ocrx_word' id='word_1_335' title='bbox 1184 2674 1259 2707; x_wconf 74' lang='lat' dir='ltr'>lost</span> <span class='ocrx_word' id='word_1_336' title='bbox 1279 2674 1403 2720; x_wconf 71' lang='lat' dir='ltr'>quant</span> <span class='ocrx_word' id='word_1_337' title='bbox 1422 2667 1532 2720; x_wconf 78' lang='lat' dir='ltr'>frec&#39;cl</span> <span class='ocrx_word' id='word_1_338' title='bbox 1552 2668 1668 2706; x_wconf 70' lang='lat' dir='ltr'>vient.</span> 
     </span>
    </p>
   </div>
   <div class='ocr_carea' id='block_1_5' title="bbox 246 2789 1471 2840">
    <p class='ocr_par' dir='ltr' id='par_1_9' title="bbox 246 2789 1471 2840">
     <span class='ocr_line' id='line_1_39' title="bbox 246 2789 1471 2840; baseline 0.006 -18"><span class='ocrx_word' id='word_1_339' title='bbox 246 2791 274 2822; x_wconf 88' lang='lat'>1.</span> <span class='ocrx_word' id='word_1_340' title='bbox 295 2789 538 2834; x_wconf 65' lang='lat' dir='ltr'>Bibliotloeqzce</span> <span class='ocrx_word' id='word_1_341' title='bbox 561 2792 602 2826; x_wconf 79' lang='lat' dir='ltr'>cle</span> <span class='ocrx_word' id='word_1_342' title='bbox 623 2791 749 2827; x_wconf 68' lang='lat' dir='ltr'>[Ecole</span> <span class='ocrx_word' id='word_1_343' title='bbox 769 2794 826 2827; x_wconf 74' lang='lat' dir='ltr'>(les</span> <span class='ocrx_word' id='word_1_344' title='bbox 850 2794 1007 2838; x_wconf 62' lang='lat' dir='ltr'>charles,</span> <span class='ocrx_word' id='word_1_345' title='bbox 1027 2797 1173 2830; x_wconf 77' lang='lat' dir='ltr'>sixieme</span> <span class='ocrx_word' id='word_1_346' title='bbox 1191 2798 1293 2840; x_wconf 70' lang='lat' dir='ltr'>serie,</span> <span class='ocrx_word' id='word_1_347' title='bbox 1316 2798 1342 2834; x_wconf 91' lang='lat' dir='ltr'>I,</span> <span class='ocrx_word' id='word_1_348' title='bbox 1365 2807 1399 2840; x_wconf 84' lang='lat' dir='ltr'>p.</span> <span class='ocrx_word' id='word_1_349' title='bbox 1422 2798 1471 2830; x_wconf 88' lang='lat'>19.</span> 
     </span>
    </p>
   </div>
  </div>
 </body>
</html>
