1881 3104
838 129 1069 171 —98—

176 241 355 280 minatio
381 241 516 280 latina
537 243 618 288 est,
643 253 664 279 e
688 243 806 280 textu
824 241 957 279 latino
977 241 1232 280 translatam
1254 252 1378 289 esse;
1403 241 1480 280 sed
1505 241 1555 281 G.
1588 241 1733 281 Storm

175 310 302 358 cujus
333 307 550 359 Judicium
583 306 627 344 in
660 305 978 356 quaestionibus
1014 306 1065 344 de
1100 305 1325 345 islandicis
1363 305 1522 346 litteris
1562 319 1736 358 semper

174 373 349 412 maximi
373 371 582 411 momenti
605 374 685 417 est,
709 371 760 410 ad
801 383 869 409 me
908 371 1063 410 falsam
1108 383 1207 410 esse
1240 371 1447 423 Koelbing
1486 372 1733 422 opinionem

175 438 351 485 scribit,
389 448 565 487 semper
602 435 715 474 enim
748 435 925 474 nomina
943 435 1093 475 formae
1113 435 1255 475 latinae
1277 448 1301 474 a
1328 435 1487 475 scribis
1511 436 1734 476 submissa

172 516 272 543 esse
302 504 371 555 (cf.
411 502 722 552 Karlamagnus
751 500 896 553 saga);
935 504 1185 552 textumque
1222 500 1484 540 islandicum
1521 513 1545 539 a
1577 501 1732 552 gallico

169 569 287 607 fonte
310 568 555 607 derivatum
578 579 693 606 esse.
731 566 914 606 Codices
933 569 1140 617 vergente
1170 567 1325 605 saeculo
1359 579 1432 605 xiv
1461 567 1530 606 vel
1556 566 1733 606 ineunte

169 647 222 673 xv
247 636 471 681 exaratos3
497 633 574 672 sed
592 631 810 672 versionis
832 632 1027 682 linguam
1060 631 1254 670 medium
1288 632 1495 671 saeculum
1523 644 1600 671 xm
1631 645 1734 684 pro-

170 699 271 738 dere
294 701 336 737 et
357 697 622 749 Norvegiam
644 696 844 748 patriam.
868 695 1120 735 Verisimile
1144 698 1211 734 est
1227 695 1432 746 gallicum
1463 708 1619 748 poema
1640 696 1733 748 regi

168 764 325 803 Hakon
346 764 610 802 Hakonsson
631 762 674 800 in
695 761 894 801 noricum
917 773 1164 800 sermonem
1187 762 1448 800 translatum
1471 774 1585 801 esse.

221 829 294 868 IV.
326 828 384 867 De
411 828 599 867 Florente
629 826 770 879 fabula
806 826 1027 874 (Flovents
1063 826 1206 877 Saga).
1246 849 1299 855 —
1335 826 1624 875 Constantini,
1661 839 1732 867 ro·-

167 896 280 936 mani
304 893 583 947 imperatoris
605 905 759 944 nepos,
783 892 970 930 Flovens
989 891 1043 930 ob
1064 892 1210 931 scelus
1237 891 1480 931 admissum
1509 893 1729 940 exsulans,

164 974 383 1014 paganum
403 959 677 999 Parisiorum
696 970 845 1009 regem
867 957 1045 996 Florum
1069 957 1121 996 ab
1145 957 1452 997 obsidentibus
1484 957 1737 998 Saxonibus-

164 1027 385 1073 vindicat3
420 1025 555 1063 filiam
586 1022 769 1062 Salatris
810 1022 928 1074 regis
965 1022 1186 1061 Saxonum
1221 1022 1514 1061 Marsibillam
1553 1034 1733 1062 uxorem

166 1092 298 1139 ducit,
337 1094 391 1137 et,
429 1092 603 1128 mortuo
638 1088 782 1135 Floro,
807 1087 999 1127 Franciae
1019 1100 1109 1134 reX,
1145 1087 1314 1138 primus
1345 1087 1419 1139 qui
1450 1088 1732 1127 christianam

163 1157 294 1196 fidem
318 1155 514 1202 coluerit,
540 1156 787 1194 coronatur.

217 1222 269 1260 V.
293 1220 352 1260 De
378 1218 557 1271 Sz'qzcrdo
577 1224 682 1257 muto
697 1216 837 1270 fabula
855 1216 1112 1269 (Sigurdhar
1123 1216 1238 1268 Saga
1252 1216 1414 1268 thogla)
1439 1217 1526 1255 1.-—
1544 1218 1734 1270 Tempo-

163 1287 287 1326 ribus
300 1285 454 1324 Artusi
467 1284 600 1335 regis,
612 1283 856 1322 Lodwikus
872 1282 1105 1321 Saxoniam
1122 1282 1298 1321 tenebat
1313 1294 1322 1330 ;
1337 1282 1405 1321 cui
1418 1284 1508 1322 tres
1522 1283 1596 1322 filii
1612 1287 1734 1323 erant

163 1352 394 1398 Halfdann,
418 1350 691 1388 &Vilhelmus
718 1352 761 1387 et
781 1348 1016 1399 Sigurdus,
1042 1351 1084 1386 et
1102 1360 1188 1386 una
1207 1347 1295 1386 filia
1317 1347 1554 1387 Gloriants.
1589 1348 1731 1397 Quum

162 1429 273 1469 puer
307 1416 470 1455 nullam
504 1414 719 1453 edidisset
748 1425 901 1452 vocem
945 1412 1179 1463 Sigurdus,
1225 1418 1356 1451 mutus
1396 1414 1730 1464 cognominat-us

164 1486 245 1521 est.
282 1504 335 1510 —
367 1481 478 1520 Tum
511 1479 741 1518 Franciam
775 1478 958 1529 regebat
993 1478 1151 1517 Florus
1189 1480 1317 1529 quus
1359 1482 1483 1529 pater
1521 1479 1642 1518 Felix
1681 1491 1731 1519 ex

161 1544 311 1584 Africa
332 1543 546 1583 oriundus
587 1545 701 1589 erat3
740 1546 880 1580 mater
911 1554 962 1579 ex
990 1541 1168 1591 antiquo
1200 1541 1471 1580 Francorum
1505 1554 1608 1592 rege
1642 1542 1732 1581 ori—

162 1609 308 1661 ginem
342 1608 553 1655 ducebat;
608 1619 734 1654 uxor,
776 1606 1023 1645 christianae
1055 1605 1156 1644 fidei
1197 1605 1399 1653 addicta,
1441 1609 1541 1657 post
1581 1606 1729 1646 varios

164 1687 295 1714 casus
339 1687 363 1713 a
409 1673 638 1712 Babilonia
683 1672 728 1710 in
787 1671 1015 1710 Franciani
1068 1674 1365 1722 pervenerat;
1419 1670 1508 1710 filia
1554 1671 1727 1710 tandem

164 1740 428 1779 Sedentiana
450 1737 493 1777 in'
517 1737 689 1777 civitate
712 1736 934 1775 Terberus
962 1735 1114 1785 regina
1149 1738 1355 1774 coronata
1388 1738 1493 1774 erat.
1531 1758 1583 1763 —
1611 1735 1728 1783 Quo-

163 1805 293 1844 modo
328 1804 546 1855 Sigurdus
578 1802 701 1842 varia
729 1801 923 1853 pericula
941 1801 1082 1847 adeat,
1106 1801 1324 1852 gigantes,
1350 1800 1562 1840 dracones
1586 1800 1730 1840 devin-

165 1874 246 1918 cat,
270 1870 541 1909 facinoribus
565 1872 607 1907 et
640 1871 731 1906 arte
766 1867 935 1918 magica
969 1866 1055 1905 sibi
1089 1866 1362 1906 Sedentianae
1397 1878 1590 1905 amorem
1625 1878 1727 1905 con-

165 1936 281 1975 ciliet
316 1938 358 1973 et
392 1934 565 1973 tandem
600 1932 733 1971 filiam
770 1931 888 1982 regis
921 1931 1114 1970 Franciae
1138 1943 1339 1969 uxorem
1385 1931 1529 1977 ducat,
1581 1930 1726 1970 fusius

166 2001 343 2052 exponit
364 2000 453 2039 haec
476 1999 605 2050 Saga.
630 1997 679 2036 In
700 2009 785 2048 qua
805 1996 912 2035 nihil
935 1996 987 2035 ad
1015 2000 1216 2035 nostrum
1246 1996 1524 2047 propositum
1546 1996 1729 2035 interest

164 2067 248 2106 nisi
272 2066 388 2118 quod
417 2077 493 2103 rex
523 2063 715 2102 Franciae
744 2062 902 2101 Florus
936 2064 1016 2109 est,
1052 2064 1094 2100 et
1126 2061 1241 2111 quod
1281 2061 1557 2108 Sedentiana,
1593 2073 1727 2112 quum

164 2132 301 2171 filium
329 2130 512 2183 peperit,
544 2129 634 2168 haec
663 2127 799 2167 verba
829 2127 933 2166 dicit
969 2139 976 2165 :
1018 2140 1040 2163 ((
1076 2126 1315 2165 Praesentio
1353 2126 1492 2165 filium
1526 2129 1730 2165 nostrum

165 2197 451 2236 christianum
489 2195 596 2242 fore,
625 2197 673 2232 ut
702 2194 876 2232 fuerant
908 2195 1031 2244 pater
1059 2204 1184 2230 meus
1207 2194 1431 2242 materque
1458 2204 1565 2239 mea,
1591 2203 1727 2242 quan—

165 2275 294 2313 quam
333 2262 374 2300 in
411 2264 562 2300 nostra
596 2259 775 2310 regione
808 2258 969 2297 abolita
1002 2257 1135 2296 fuerit
1170 2257 1408 2296 christiana
1447 2256 1571 2296 fides.
1612 2270 1633 2292 ))
1674 2256 1728 2295 Et

165 2328 283 2367 addit
320 2327 443 2378 Sagae
478 2325 667 2376 scriptor
703 2336 711 2362 t
739 2338 761 2361 «
797 2324 849 2362 Et
880 2335 951 2362 res
983 2335 1132 2361 veram
1166 2335 1264 2361 esse
1304 2322 1578 2373 prophetiam
1606 2321 1724 2360 illam

209 2515 236 2545 ’1.
260 2514 379 2556 HuJus
399 2513 512 2555 Sagae‚
532 2512 648 2544 adhuc
670 2511 826 2548 ineditae,
851 2514 1103 2552 argumentum
1123 2510 1237 2542 amleo
1267 2510 1384 2552 Sopho
1405 2510 1528 2551 Bugge
1552 2509 1725 2542 Christia-

164 2567 279 2598 niensi
305 2567 430 2599 debeo.
456 2567 543 2605 Quae
562 2566 599 2597 in
622 2565 737 2596 tribus
766 2563 950 2596 codicibus
974 2563 1202 2595 bibliotheca:
1225 2563 1270 2596 B.
1289 2563 1397 2595 Arnae
1421 2563 1572 2604 Magna-ai
1601 2571 1725 2595 serva-

163 2623 234 2658 tur,
259 2620 334 2652 cod.
355 2621 491 2652 scilicet
514 2620 570 2652 152
592 2618 766 2658 (membr.,
785 2617 869 2657 soh).
891 2616 968 2649 cod.
988 2617 1048 2649 596
1069 2616 1249 2657 (membr.
1266 2620 1383 2658 quart.
1398 2631 1404 2653 ;
1422 2617 1597 2657 mutilus),
1617 2615 1722 2647 ambo

163 2674 255 2705 inter
281 2674 356 2706 1350
380 2678 415 2706 et
446 2674 520 2705 1450
549 2672 700 2709 exeram
724 2670 800 2703 cod.
829 2669 1100 2710 542(011artac.,2,
1135 2669 1250 2702 serius
1282 2669 1448 2711 scriptus.
1477 2668 1584 2700 Codd.
1610 2668 1670 2700 596
1689 2672 1725 2700 et-

162 2727 221 2758 542
244 2727 386 2769 Sigurdi
412 2736 533 2769 sagam
562 2725 667 2758 niodo
694 2725 894 2760 continent;
919 2723 995 2755 cod.
1023 2724 1080 2755 152
1108 2724 1281 2765 plurimas
1309 2723 1403 2755 inter
1425 2731 1514 2765 quas
1541 2721 1723 2754 Floventis

158 2780 303 2823 Sagana.
344 2780 524 2812 Flovenlis
547 2789 668 2822 sagam
692 2778 854 2821 sequitur
877 2780 922 2815 et,
950 2780 989 2808 ut
1017 2776 1065 2808 ita
1090 2776 1218 2817 dicam,
1240 2776 1425 2809 continuat
1451 2774 1592 2817 sigui-di
1620 2783 1721 2816 saga.

1871 1709 1881 1786 -..ιἰ.
1872 1625 1881 1695 ιιι-ι-
1871 1603 1875 1610 ·
