1881 3104
767 117 824 121 —-
861 92 940 133 ⁴03
976 117 1031 121 ——

120 202 163 240 in
195 201 411 241 Saxonum
444 203 587 242 locum
621 214 731 253 quos
767 201 1055 253 praeferebant
1088 200 1236 252 populi
1276 200 1434 238 tradita
1472 212 1666 253 quosque

119 267 328 317 poscebat
363 268 624 307 narrationis
662 270 805 315 tenor,
835 267 1114 313 Sarracenos,
1145 268 1193 304 ut
1224 265 1345 316 epico
1381 266 1480 303 usui
1502 280 1667 307 morem

118 335 304 382 gereret,
330 332 570 372 induxisse.

168 396 227 435 At
261 397 358 448 ipsa
399 397 472 435 illa
508 397 692 436 historia
725 409 853 448 quam
885 397 937 435 de
983 396 1218 435 Floovente
1268 399 1469 433 nostrum
1514 409 1669 446 poema

116 462 263 507 refert,
299 462 449 500 eadem
482 462 739 514 Merovingo
769 462 861 513 regi
882 461 1148 507 attribuitur,
1173 460 1422 511 Dagoberto
1444 473 1613 511 nempe.

169 525 279 565 Sunt
311 528 572 566 collectanea
605 528 875 567 diversarum
898 526 1198 572 historiarum,
1222 525 1273 564 de
1295 525 1544 576 Dagoberto
1566 539 1667 577 rege

117 591 277 641 quibus
298 604 456 631 nomen
481 591 594 632 Gesta
623 593 845 644 Daqobertz'
871 591 1130 642 inscriptum
1158 594 1239 630 est.
1265 590 1368 638 Quae
1391 591 1665 637 collectanea,

116 656 276 694 saeculo
298 669 412 695 nono
436 658 610 709 scripta,
637 671 749 697 nunc
778 670 893 705 vera,
921 669 1032 696 nunc
1064 657 1175 695 falsa
1206 656 1400 694 referunt
1428 656 1667 695 secundum

116 719 368 771 Fredegarii
405 722 655 761 scholastici
701 723 948 769 chronicon,
989 721 1229 760 secundum
1271 719 1385 759 Gesta
1421 720 1666 759 Francorum

115 787 158 822 et
177 786 418 835 praesertim
441 788 681 826 secundum
704 787 861 826 tradita
883 798 975 838 quae
997 787 1040 824 in
1070 786 1195 837 plebe
1225 789 1266 823 et
1294 785 1408 823 inter
1429 786 1667 825 monachos

112 849 416 900 vulgabantur.
436 848 645 887 Eamdem
666 852 810 887 autem
833 849 883 887 de
906 848 1155 899 Dagoberto
1179 848 1453 886 adolescente
1475 848 1666 886 fabulam

112 917 289 953 narrant
306 914 560 965 praeceptori
582 914 762 953 barbam
784 915 988 953 tondente
1014 913 1039 952 ¹.

168 994 188 1014 «
219 978 293 1018 VI.
332 979 463 1018 Pater
499 979 747 1018 Clotharius
782 979 1013 1029 quendam,
1051 981 1099 1017 ut
1121 978 1315 1030 putabat,
1341 981 1546 1029 spectatae
1569 978 1668 1017 fidei

113 1042 433 1095 Sadregisilum
468 1044 600 1083 rebus
649 1045 730 1083 sub
769 1057 814 1083 se
851 1043 1088 1082 tractandis
1123 1043 1389 1094 praefecerat,
1423 1043 1669 1093 Aquitania=

115 1108 286 1148 Ducatu
309 1108 557 1159 specialiter
579 1109 617 1147 ei
647 1109 898 1148 commisso.
924 1109 1002 1147 Hic
1037 1112 1153 1147 tanto
1185 1108 1409 1158 dignitatis
1443 1108 1559 1146 fastu
1583 1109 1669 1146 ela-

115 1177 202 1221 tus,
228 1173 363 1225 Regis
396 1172 532 1212 filium
559 1174 857 1225 Dagobertum
882 1174 1039 1225 partim
1072 1174 1237 1212 collatae
1259 1173 1491 1224 potestatis
1514 1185 1669 1224 super-

113 1238 197 1286 bia,
238 1239 395 1290 partim
429 1251 505 1290 spe
536 1239 658 1290 regni
692 1240 911 1285 laborans,
948 1252 1034 1278 non
1068 1251 1192 1289 aequo
1227 1238 1368 1276 animo
1412 1239 1669 1289 prosperius

112 1314 241 1354 agere
277 1303 458 1342 ferebat.
501 1303 590 1342 Nec
626 1304 728 1354 quid
767 1304 1006 1350 moliretur,
1044 1304 1247 1342 simulato
1295 1303 1449 1341 saltem
1496 1315 1668 1350 amore,

113 1367 319 1419 obtegere
342 1369 415 1407 diu
435 1369 682 1408 valuitSed
705 1369 805 1419 quia
827 1372 944 1408 metu
967 1369 1103 1420 patris
1126 1368 1358 1406 manifesto
1381 1380 1466 1406 non
1485 1371 1668 1419 poterat,

114 1434 331 1472 occultum
354 1446 400 1472 se
425 1434 463 1472 ei
485 1434 708 1473 inimicum
731 1435 882 1472 crebro
905 1437 1154 1485 contemptu
1177 1433 1396 1484 aperuit...

168 1513 187 1532 α
219 1497 328 1536 Tum
352 1498 629 1550 Dagobertus
665 1500 954 1550 exoptabilem
986 1499 1222 1550 (ulciscendi)
1253 1499 1336 1537 sibi
1371 1502 1524 1537 nactus
1546 1511 1670 1537 occa-

82 1557 284 1600 'sionem
316 1563 480 1602 Ducem
513 1564 565 1602 ad
602 1576 648 1603 se
686 1568 851 1608 evocat,
883 1565 1097 1615 Jubetque
1142 1576 1289 1603 secum
1330 1563 1557 1614 prandere.
1594 1563 1668 1601 Ille

112 1627 220 1666 nihil
243 1628 388 1667 minus
423 1640 553 1679 quam
587 1629 702 1679 quod
738 1630 930 1667 futurum
963 1632 1056 1667 crat
1088 1628 1299 1679 cogitans,
1330 1628 1560 1666 remissius
1593 1628 1669 1666 ha—

112 1693 213 1732 bere
249 1698 290 1733 et
323 1694 485 1741 futuro,
514 1694 600 1732 imo
629 1696 721 1744 Jam
758 1694 931 1732 domino
963 1694 1158 1732 debitum
1186 1694 1394 1732 honorem
1424 1705 1510 1731 non
1550 1692 1669 1731 exhi—

109 1757 212 1797 bere
237 1770 245 1796 :
271 1761 420 1808 terque
442 1758 504 1797 ab·
518 1770 567 1797 eo
590 1761 789 1809 porrecta
816 1758 901 1796 sibi
932 1759 1100 1809 pocula,
1136 1758 1295 1808 dignus
1331 1757 1374 1795 in
1396 1769 1525 1807 quem
1552 1757 1668 1808 prio-

111 1823 172 1862 ris
208 1823 489 1863 contumaciae
530 1823 719 1862 vindicta
748 1823 988 1870 recideret,
1030 1836 1114 1861 non
1149 1823 1264 1862 sicut
1297 1836 1320 1861 a
1353 1822 1550 1867 domino,
1590 1822 1667 1860 sed

112 1888 232 1927 velut
270 1901 294 1927 a
325 1888 444 1927 socio
481 1888 670 1927 infauste
711 1889 855 1927 oblata
893 1888 1135 1939 praesumit.
1176 1888 1341 1926 Deinde
1373 1887 1666 1938 Dagobertus,

112 1955 160 1992 ut
186 1953 298 2004 patri
328 1953 532 2000 infidelis,
567 1956 615 1992 ut
650 1953 734 1992 sibi
773 1953 972 2000 aemulus,
1002 1957 1135 2003 utque
1171 1953 1303 1991 sociis
1338 1952 1506 1990 invisus
1540 1952 1664 1992 foret.

111 2030 240 2057 orsus
263 2021 329 2056 est
350 2030 579 2068 exponere,
602 2029 688 2056 non
709 2020 909 2068 oportere
939 2017 1122 2056 serviles
1145 2017 1320 2067 quidem
1340 2015 1566 2054 molestias
1594 2015 1666 2054 diu

112 2083 289 2130 differri,
317 2086 359 2120 et
378 2095 430 2120 ne
453 2082 496 2120 in
517 2082 780 2121 immensum
814 2086 1028 2121 tumorem
1061 2082 1166 2120 tanti
1201 2082 1341 2120 fastus
1364 2080 1663 2132 procederent,

112 2159 216 2186 suas
248 2146 433 2197 injurias
467 2159 553 2185 non
587 2146 755 2185 ulcisci.
790 2146 995 2197 Flagellis
1032 2158 1134 2197 ergo
1168 2158 1267 2184 eum
1306 2144 1431 2184 adfici
1463 2144 1661 2195 imperat.

113 2213 221 2252 Post
239 2224 341 2250 vero
376 2210 521 2250 barbae
548 2211 720 2250 rasione
740 2209 813 2262 (ea
847 2210 960 2249 enim
992 2213 1076 2249 tam
1108 2210 1327 2261 praecipua
1365 2211 1457 2248 erat
1489 2208 1667 2260 injiiria)

110 2278 327 2328 deturpat.
352 2274 423 2314 Sic
444 2287 497 2313 ex
518 2275 756 2326 improviso
780 2275 851 2326 qui
873 2276 1163 2314 secundarum
1185 2287 1331 2314 rerum
1354 2285 1565 2313 successu
1596 2273 1665 2312 fu-

113 2346 259 2381 turum
290 2353 337 2380 se
368 2341 533 2391 Regem
563 2341 896 2392 auspicabatur,
940 2353 1069 2391 quam
1103 2341 1231 2391 longe
1267 2340 1318 2378 ab
1353 2340 1426 2378 illa
1459 2338 1666 2389 dignitate

114 2407 291 2446 abesset
311 2404 557 2443 admonitus
588 2405 811 2444 intellexit.

169 2486 188 2505 «
219 2457 312 2509 VII.
350 2468 599 2507 Revertenti
632 2469 767 2519 igitur
798 2469 1018 2508 Clothario
1041 2469 1125 2508 hiis
1149 2468 1423 2509 contumeliis
1447 2468 1663 2507 dehones-

112 2536 228 2574 tatus
263 2533 558 2584 Sadregisilus
590 2546 636 2573 se
665 2533 871 2581 offert,·et
905 2534 1008 2585 quid
1041 2537 1271 2586 praeterea,
1297 2544 1390 2584 quae
1411 2534 1551 2584 palam
1574 2537 1665 2572 erat

112 2611 287 2651 passus,
310 2599 378 2637 vel
407 2611 431 2637 a
457 2610 540 2649 quo
576 2599 731 2645 fuerat,
755 2599 1045 2651 inlacrymans
1072 2599 1247 2638 indicat.
1284 2599 1375 2637 Rex
1409 2598 1553 2649 itaque
1576 2598 1664 2637 Du-

159 2740 186 2771 1.
215 2739 306 2771 Dom
326 2738 502 2779 Bouquet,
526 2737 569 2772 ΙΙ,
590 2738 645 2769 581
669 2741 703 2769 et
726 2747 806 2779 sqq.
