1881 3104
758 160 1024 201 —149—

115 287 194 311 sus.
228 274 303 310 Sed
323 274 413 310 huic
437 274 538 310 malo
559 274 662 309 aliud
681 273 945 320 superadditur
970 287 978 311 :
1000 287 1090 311 nam
1116 286 1235 322 equus
1256 275 1338 321 ejus
1368 275 1407 310 in
1429 276 1569 322 foveas7
1598 287 1665 322 per

115 350 207 387 quas
227 341 389 375 incautae
409 339 496 374 ferae
523 339 737 381 currebant,
777 339 923 375 incidit.
955 340 1052 375 Tum
1082 340 1244 375 Flovent
1271 339 1510 375 tuberculum
1531 341 1660 386 galeae,

114 415 252 440 nasum
273 404 462 451 operien3‚
492 403 650 450 arripuit
670 403 911 450 gladiumque
936 404 1113 447 vibravit,
1145 404 1383 440 subitaneam
1409 411 1573 439 mortem
1594 402 1664 451 ipsi

113 469 386 506 intentaturus.
405 468 549 504 Verum
582 468 756 504 Corbuan
777 468 893 502 morti
921 466 1068 501 vicinus
1088 477 1095 500 :
1118 466 1191 501 Per
1213 465 1493 510 Mahumetem‚
1523 466 1662 513 inquit,

114 539 151 569 te
172 534 268 568 mihi
289 544 441 580 parcere
461 532 649 568 submisse
670 543 816 579 precor,
849 530 1021 566 devictus
1049 530 1191 577 aequale
1213 529 1310 565 mihi
1334 530 1482 577 pondus
1511 528 1558 576 (c)
1583 531 1665 565 auri

112 600 263 644 purgati
285 599 351 634 tibi
371 598 536 635 donabo.

167 660 317 698 Otunus
339 668 376 699 et
402 662 540 698 Jofreir
559 662 802 698 Corbuanum
831 659 1121 696 custodiendum
1154 660 1217 695 vix
1238 666 1474 706 acceperant,
1508 659 1665 695 domum

113 729 314 771 reversuri,
338 739 426 764 cum
446 726 638 764 Archirex
656 728 930 774 superveniret,
957 725 1111 761 efferata
1130 736 1222 761 voce
1248 725 1417 761 clamans
1446 735 1454 759 :
1487 723 1570 766 Quo
1596 734 1664 759 vos

115 792 219 827 illum
241 792 388 827 ducturi
414 792 526 828 estis?
549 792 628 838 Ego
650 793 771 827 filium
792 791 973 837 liberabo,
996 801 1063 826 vos
1089 796 1217 826 autem
1237 800 1371 825 omnes
1397 797 1520 824 morte
1553 790 1666 834 igno-

112 856 180 891 bili
201 858 434 893 moriemini.
460 856 623 892 Flovent
650 855 712 892 his
732 856 869 892 auditis
891 857 946 890 ira
969 865 1165 898 accensus,
1195 852 1351 900 gradum
1373 853 1495 895 sistit;
1533 863 1666 888 rever—

113 932 252 968 susque
271 932 360 956 mox
379 932 547 968 pugnam
571 932 658 957 eum
677 921 780 968 Rege
802 920 902 963 iniit,
916 925 952 955 et
966 920 1096 966 clypeo
1109 918 1231 954 disfiso
1249 929 1362 964 grave
1376 917 1666 953 vulnuslacerto

109 986 262 1032 inflixit,
286 988 337 1022 ita
358 993 400 1021 ut
426 985 615 1022 Archirex
639 986 685 1022 de
722 997 834 1033 equo,
876 986 1006 1031 clypeo
1039 983 1235 1019 Florentis
1268 983 1458 1025 detrusus,
1495 981 1667 1028 praecipi-

111 1055 273 1087 taretur.
302 1050 376 1085 Sed
395 1050 527 1086 eodem
548 1056 743 1086 momento
763 1048 822 1101 (d)
842 1050 1039 1086 Floventis
1059 1059 1179 1095 equus
1210 1049 1248 1082 in
1269 1047 1493 1093 profundam
1515 1046 1665 1082 foveam

117 1114 317 1159 delabitur,
343 1115 406 1150 ille
428 1126 517 1151 vero
547 1116 730 1151 continuo
751 1116 789 1151 in
813 1114 926 1162 pedes
947 1124 987 1150 se
1013 1113 1189 1160 conjecit,
1219 1122 1296 1147 una
1318 1111 1482 1158 gladium
1514 1111 1662 1153 Joviso,

112 1180 231 1215 altera
244 1191 361 1215 manu
382 1186 533 1216 scutum
555 1186 703 1216 tenens.

165 1244 296 1291 Equus
328 1256 372 1280 ex
394 1245 502 1281 fovea
528 1244 715 1291 exsili-(p.
741 1245 908 1288 {mi-ens,
944 1244 1142 1280 dominum
1174 1254 1286 1279 suum
1312 1254 1390 1279 non
1417 1243 1667 1289 exspectavit,

116 1308 181 1344 sed
202 1309 247 1344 ad
269 1309 371 1345 urbis
392 1314 555 1355 portam,
579 1309 624 1345 de
646 1320 719 1356 qua
746 1310 858 1344 mane
878 1311 1061 1353 exierant,
1097 1308 1268 1351 recurrit,
1301 1308 1364 1354 qui
1393 1318 1479 1342 cum
1502 1318 1578 1342 non
1604 1306 1664 1341 in-

112 1380 210 1408 trare
228 1381 369 1420 posset,
392 1374 485 1410 adeo
507 1374 772 1409 vehementem
792 1374 986 1409 hinnitum
1006 1371 1136 1415 edidit,
1158 1378 1200 1408 ut
1219 1383 1286 1419 per
1302 1377 1420 1407 totam
1436 1371 1512 1406 fere
1530 1371 1664 1405 urbem

112 1438 319 1474 audiretur.
342 1440 455 1474 Forte
472 1439 555 1475 Rex
575 1439 744 1481 Florent,
763 1446 799 1474 et
820 1438 1037 1486 quindecim
1058 1449 1144 1473 cum
1155 1448 1199 1473 eo
1220 1437 1339 1471 millia
1359 1434 1406 1485 (e)
1425 1435 1596 1482 equitum
1616 1446 1661 1472 ex

110 1504 264 1550 specula
281 1510 580 1550 prospectantes,
604 1515 745 1551 equum
765 1504 959 1539 Floventis
981 1509 1231 1549 cognoscunt.
1254 1502 1336 1538 Rex
1357 1502 1502 1536 tristior
1519 1500 1662 1537 sactus:

111 1568 211 1604 Male
230 1580 333 1605 nunc
354 1580 412 1605 res
427 1571 624 1612 successit,
645 1569 782 1616 inquit,
805 1580 892 1605 cum
913 1580 1054 1616 equum
1072 1567 1266 1603 FloventIS
1287 1573 1477 1602 errantem
1498 1566 1660 1610 videam,

111 1633 211 1668 unde
228 1633 426 1670 dominum
448 1634 528 1680 ejus
559 1640 623 1669 aut
651 1639 860 1679 mortuum,
885 1638 950 1668 aut
973 1638 1124 1679 captum
1154 1643 1238 1668 esse
1270 1632 1480 1667 certissime
1509 1631 1661 1676 colligo.

107 1698 213 1742 Quoi
249 1700 281 1733 si
311 1697 521 1734 discessum
554 1698 635 1744 ejus
666 1700 908 1742 resciveram,
936 1698 1040 1733 mille
1071 1704 1108 1732 et
1134 1697 1365 1744 quingentos
1392 1695 1435 1744 (f)
1461 1697 1607 1742 equites
1628 1695 1663 1731 ei

109 1762 365 1798 tradidissem.
389 1763 460 1798 His
490 1762 600 1798 dictis
633 1773 773 1810 equum
798 1762 1054 1797 inducendum
1089 1762 1248 1804 curavit,
1282 1767 1318 1796 et
1339 1760 1517 1796 sudorem
1544 1760 1660 1806 pallio

110 1838 178 1863 suo
195 1827 384 1863 abstersit.
409 1827 583 1872 Summo,
608 1828 745 1874 inquit,
770 1828 865 1863 tanti
898 1828 966 1862 viri
1000 1826 1188 1862 desiderio
1215 1826 1381 1864 afficior:
1415 1826 1540 1860 virum
1573 1824 1663 1860 huic

109 1891 217 1927 heroi
238 1892 436 1938 aequalem,
472 1894 536 1927 vix
566 1898 695 1927 nostra
723 1893 849 1928 secula
874 1896 1130 1938 cognoscunt3
1166 1891 1230 1937 qui
1257 1890 1289 1925 si
1319 1891 1490 1933 vixisset,
1524 1900 1662 1936 super-

110 1957 212 1992 biam
227 1957 423 1992 Saxonum
446 1957 613 2003 profecto
634 1958 862 2004 infregisset.
883 1957 991 1992 Multi
1012 1958 1140 1992 animo
1152 1955 1387 2002 augebantur
1405 1954 1474 2002 (yn
1494 1952 1661 1991 maxime

109 2028 239 2057 tamen
261 2023 433 2058 omnium
455 2022 659 2058 Hermetus
681 2028 718 2058 et
741 2021 908 2065 Ansaeis,
945 2022 1141 2057 Floventis
1172 2026 1368 2066 cognatus⁷
1396 2021 1498 2055 hunc
1529 2029 1660 2054 casum

108 2086 323 2123 doluerunt.
342 2086 489 2122 Verum
509 2087 569 2122 his
588 2087 804 2123 rumoribus
824 2086 869 2122 ad
886 2087 1000 2132 Regis
1021 2086 1138 2120 filiam
1158 2085 1329 2131 perlatis,
1352 2085 1519 2120 abscissa
1537 2087 1656 2126 veste,

109 2152 277 2187 crinibus
298 2152 485 2195 laceratis,
509 2157 546 2187 et
566 2153 709 2198 ingenti
726 2153 870 2198 gemitu
890 2151 1057 2197 ejulavit,
1082 2149 1242 2185 subinde
1266 2150 1434 2185 clamans
1459 2159 1466 2184 1
1493 2147 1579 2184 Acb
1597 2158 1658 2183 me

109 2215 314 2251 miseram!
345 2214 458 2250 Diem
488 2215 583 2250 obiit
611 2226 832 2262 supremum
865 2217 938 2260 fir,
965 2226 1080 2263 quem
1110 2215 1193 2261 plus
1232 2225 1343 2261 quam
1378 2214 1496 2249 vitam
1532 2224 1658 2248 meam

108 2280 247 2322 amavi,
271 2288 308 2315 et
327 2282 500 2325 protinus
522 2280 618 2316 lecto
639 2280 766 2326 affixa,
788 2282 980 2327 specimen
1000 2281 1124 2316 luctus
1146 2280 1325 2326 ingentis⁷
1348 2290 1461 2314 omne
1479 2279 1657 2313 solatium

110 2352 322 2390 aspernata,
346 2343 475 2378 edidit.
499 2343 619 2386 Quam
642 2355 710 2379 suo
732 2346 884 2380 moerori
909 2346 1129 2380 immersam
1157 2346 1378 2387 mittamus;
1409 2343 1473 2379 sed
1494 2343 1536 2378 ad
1564 2343 1657 2378 Flo-

108 2413 277 2453 ventem‚
317 2419 414 2455 equo
451 2407 696 2453 destitutum,
741 2411 966 2456 magnisque
1001 2409 1177 2456 periculis
1227 2410 1394 2444 cinctum
1442 2407 1654 2443 redeamus.

149 2541 190 2578 sc)
214 2540 272 2572 Sic
304 2540 332 2571 B
365 2542 398 2572 et
430 2540 465 2572 C.
501 2539 571 2571 Sed
599 2541 631 2571 A
653 2540 683 2572 D
713 2543 748 2573 et
779 2541 830 2571 F:
866 2543 1009 2572 centum
1041 2540 1158 2582 pondo
1182 2540 1269 2571 auri.
1307 2540 1413 2571 Pater
1445 2548 1546 2570 meus
1581 2539 1656 2571 hoec

107 2596 184 2625 rata
207 2593 365 2625 habebit.
384 2593 428 2624 Et
451 2593 570 2624 statim
594 2586 755 2624 Florenti
779 2594 891 2625 victas
909 2593 1006 2625 dedit
1022 2602 1162 2629 manus,
1184 2601 1378 2633 ensemque
1402 2592 1558 2624 tradidit.

146 2645 193 2685 (cl)
218 2646 243 2677 F
264 2657 270 2676 :
295 2655 375 2677 cum
395 2645 544 2677 Flox‘ent
561 2654 643 2677 eum
666 2646 833 2678 manibus
850 2655 976 2688 capere
997 2646 1114 2678 vellet.

146 2703 185 2739 (e)
209 2700 267 2731 Sic
290 2700 317 2730 B
343 2704 377 2731 et
396 2699 438 2735 D,
460 2698 522 2730 sed
545 2698 569 2730 C
595 2713 602 2730 ι
626 2708 676 2734 ›1.‚
700 2699 756 2730 A:
781 2709 842 2735 xis,
867 2700 892 2730 F
917 2712 922 2730 :
947 2709 1022 2731 MCC.

146 2751 187 2793 (s)
202 2752 259 2784 Sic
278 2752 305 2783 B
329 2752 353 2784 C
374 2752 415 2792 D,
441 2751 503 2783 sed
519 2752 574 2782 A:
600 2760 691 2783 ccmo
713 2752 886 2793 equitum,
910 2752 936 2783 F
959 2764 965 2782 :
988 2761 1091 2784 ccmo.
1115 2761 1178 2783 191).

147 2808 194 2846 (9)
214 2805 240 2836 F
262 2817 268 2836 :
291 2806 405 2846 inquit
428 2805 519 2846 Mag.
544 2804 681 2836 Simon.
