1881 3104
139 216 395 265 Quanquam
442 215 640 266 gallicam
686 216 905 266 proverbii
945 216 1129 254 formam
1170 219 1419 267 conjectura
1458 218 1634 269 assequi

84 281 197 328 licet,
216 279 424 318 incertior
445 282 512 318 est
534 292 662 330 quam
683 283 730 318 ut
748 281 983 331 quidquam
1007 281 1057 318 de
1075 280 1233 331 gallici,
1250 281 1294 320 in
1314 294 1397 332 quo
1419 281 1632 321 insertum

83 348 163 392 est,
189 347 331 383 textus
353 347 509 382 natura
531 347 572 382 et
592 344 760 394 origine
779 345 880 383 inde
904 345 1109 383 deducas.
1137 344 1234 383 Una
1256 358 1339 384 vox
1367 346 1494 384 modo
1519 350 1633 385 certa

83 421 181 448 esse
202 409 386 456 videtur,
407 409 517 460 frez'd
543 409 608 461 (z
627 410 768 461 froid),
794 423 888 461 quaa
920 410 1244 449 normannicam
1278 413 1347 451 vel
1379 412 1634 463 anglo-nor-

83 474 326 513 mannicam
348 474 561 525 originem
583 475 740 525 arguit.
767 475 947 515 Constat
978 479 1122 515 autem
1156 478 1438 517 translatores
1460 478 1634 517 noricos

83 539 523 590 anglo-normannicis
560 540 750 579 textibus
794 541 857 580 uti
891 541 1060 588 solitos,
1099 553 1232 591 quum
1272 541 1559 581 Scandinavia
1595 546 1636 581 et

83 604 308 643 Britannia
339 617 417 656 per
447 605 639 644 medium
671 618 809 645 fevum
841 606 991 645 stricto
1022 606 1283 646 commercio
1319 610 1635 658 conjungeren-

84 672 154 708 tur
173 671 202 708 1.

135 735 379 786 Antequam
414 734 572 774 fabulae
607 738 912 786 argumentum
939 738 1233 788 aggredimur,
1258 738 1310 777 de
1330 737 1469 776 nostri
1490 737 1634 788 gallici

81 799 294 850 poematis
334 802 510 838 auctore
533 800 549 825 ‘2
591 801 848 851 quandoque
880 802 1036 841 vixerit
1075 803 1239 854 aliquid
1275 803 1505 842 dicendum
1549 804 1630 840 est.

80 863 246 904 Auctor
267 863 380 901 enim
401 875 559 902 nomen
579 865 826 916 saepissime
848 866 890 904 in
911 871 1110 917 poemate
1133 867 1356 919 inscripsit
1375 869 1392 894 3
1413 880 1420 906 :
1445 867 1631 906 ludima-

80 927 221 977 gister
241 930 332 966 erat
348 929 378 976 4,
402 928 553 967 Simon
573 930 761 977 nomine,
783 931 1109 982 Lugdunensis.

133 992 226 1040 Quo
257 1004 360 1031 vero
396 993 440 1031 in
474 999 667 1045 tempore
702 996 937 1043 scriberet,
971 997 1224 1036 difficillime
1253 998 1372 1037 dicas
1405 1010 1413 1036 t
1446 1000 1635 1036 attamen

79 1060 241 1096 nostrae
275 1057 432 1096 fabulae
472 1059 624 1098 alludit
662 1066 840 1098 trovator
879 1061 1162 1111 Bertrannus⁷
1198 1063 1269 1113 qui
1292 1062 1518 1114 joculatori
1554 1074 1633 1100 suo

80 1121 271 1160 Gordoni
309 1121 599 1172 ignorantiam
641 1125 808 1163 crimini
843 1126 945 1164 dum
977 1127 1133 1174 vortit,
1174 1127 1287 1166 inter
1319 1127 1401 1166 alia
1435 1128 1635 1178 poemata

78 1186 140 1225 illi
162 1186 323 1238 ignota,
348 1189 548 1226 nostrum
570 1201 743 1240 quoque
766 1190 869 1229 citat
895 1203 903 1228 :

290 1321 342 1356 Ni
361 1332 411 1357 no
432 1322 557 1357 sabetz
577 1332 698 1358 novas
721 1322 765 1357 de
786 1323 963 1359 Florixen

290 1385 369 1429 Que
389 1397 474 1432 pres
495 1389 658 1433 premier
677 1387 722 1423 de
744 1388 887 1423 Fransa
904 1388 1147 1424 mandamen.

548 1465 809 1512 (Raynouard,
833 1467 943 1502 choix
963 1468 1023 1502 cles
1047 1468 1193 1510 Troub„
1218 1467 1268 1512 V,
1301 1465 1406 1516 103.)

130 1581 246 1620 Istos
265 1594 422 1621 versus
457 1582 600 1633 gallici
622 1582 836 1633 poematis
872 1583 1061 1622 editores
1093 1586 1243 1621 nostro
1265 1581 1488 1621 Floovanti
1522 1582 1634 1621 reso-

75 1650 179 1686 runt
199 1648 235 1685 5.

133 1710 218 1750 Sed
249 1712 520 1752 doctissimis
555 1713 797 1752 editoribus
837 1713 1039 1752 assentiri
1074 1713 1329 1764 nequimus;
1360 1714 1630 1753 Bertrannus

125 1863 151 1894 1.
174 1862 225 1894 Cf.
250 1862 494 1905 Bibliotheqne
525 1862 566 1895 cle
600 1862 724 1895 Z'Ecole
756 1863 813 1896 des
844 1863 999 1904 Chartae,
1023 1865 1223 1906 cinquieme
1247 1864 1350 1902 serie,
1376 1867 1399 1897 t.
1422 1865 1464 1902 V,
1488 1876 1523 1908 p.
1549 1866 1625 1902 106;

82 1916 230 1948 sixieme
253 1916 355 1952 serie,
381 1918 405 1948 t.
428 1916 492 1952 III,
518 1926 552 1957 p.
579 1916 650 1948 309.

120 1969 154 2001 2.
178 1969 243 2001 Vel
267 1971 513 2001 retractatore.

122 2024 152 2056 3.
174 2023 223 2055 Ut
245 2023 365 2056 videre
391 2026 445 2055 est
470 2024 506 2054 in
538 2023 710 2065 prooemio
743 2022 941 2054 secundum
974 2023 1113 2055 codices
1145 2025 1361 2056 Hasnienses
1387 2023 1419 2054 A
1442 2023 1469 2053 B
1500 2022 1525 2054 C
1548 2022 1573 2053 F
1597 2026 1631 2054 et

85 2076 329 2109 Holmiensem
348 2076 402 2112 47,
423 2078 456 2108 et
470 2085 504 2117 p.
530 2077 560 2111 8,
586 2085 620 2107 n.
643 2075 685 2108 cl:
706 2085 739 2116 p,
767 2077 814 2112 11,
834 2085 868 2106 n.
891 2084 928 2108 e:
948 2086 983 2117 p.
1001 2077 1052 2112 31,
1071 2086 1104 2107 n.
1127 2086 1162 2110 e:
1182 2086 1215 2118 p.
1239 2077 1277 2108 40
1299 2076 1372 2118 (qui
1393 2075 1487 2108 lianc
1508 2075 1625 2108 hislo-

81 2129 181 2162 riam
209 2129 405 2172 composuit
419 2129 589 2171 mayister
605 2127 743 2164 Simon,
766 2129 959 2160 arbitratus
981 2132 1110 2166 est...);
1139 2139 1172 2171 p.
1195 2130 1246 2166 47,
1268 2139 1302 2160 n.
1328 2129 1371 2161 cl:
1388 2139 1422 2171 p.
1447 2131 1497 2165 51,
1522 2138 1557 2162 n.
1584 2138 1630 2169 ης

85 2191 120 2223 p.
144 2183 195 2223 54,
217 2193 252 2215 n.
275 2192 311 2224 q:
335 2193 371 2224 p.
393 2183 442 2218 68,
461 2191 496 2214 n.
520 2191 555 2223 ci:
570 2192 604 2223 p.
624 2182 674 2218 73,
692 2192 725 2213 n.
745 2181 768 2215 l:
792 2191 826 2223 p.
850 2182 962 2217 78-79,
988 2192 1023 2213 n.
1050 2181 1082 2214 Is.

125 2235 156 2267 4.
181 2235 216 2267 Si
247 2235 359 2267 codici
379 2235 405 2266 F
427 2235 630 2267 adhibenda
650 2238 705 2267 est
724 2234 825 2266 fides.
851 2234 993 2266 Nullius
1022 2237 1192 2267 momenti
1216 2238 1270 2268 est
1291 2235 1422 2267 codicis
1448 2235 1636 2267 Holmien-

83 2287 132 2320 sis
152 2288 192 2320 47
208 2289 451 2320 testimonium
472 2298 581 2330 quum
598 2288 736 2320 nullum
756 2288 917 2329 praebeat
938 2297 1082 2320 sensum
1105 2301 1112 2320 :
1132 2291 1192 2331 qui
1215 2289 1323 2322 refert
1346 2289 1504 2321 fabulam
1537 2298 1555 2320 a
1578 2288 1636 2320 si-

83 2349 189 2372 mone
207 2341 242 2372 in
268 2341 356 2373 urbe
378 2339 554 2377 Saaeorzz‘oe,
572 2340 737 2383 Lugduni
759 2340 907 2376 scilicet,
933 2344 1110 2382 repertam
1130 2342 1259 2378 fuisse;
1286 2342 1322 2373 in
1344 2350 1413 2383 qua
1428 2342 1549 2373 Simon
1570 2341 1635 2372 iste

86 2392 127 2426 in
140 2392 261 2426 schola
279 2396 356 2426 erat
380 2395 424 2434 U),
437 2393 617 2426 Simonem
635 2397 754 2426 autern
774 2394 865 2425 hanc
885 2394 1042 2425 fabulam
1061 2394 1218 2428 Parisios
1232 2395 1271 2427 in
1286 2394 1482 2427 Francz'am
1501 2402 1633 2435 mezano

88 2449 269 2490 apparatu
284 2447 534 2480 transtulisse!
556 2440 707 2480 Textum
731 2451 935 2489 corruptum
954 2457 1031 2480 esse
1048 2457 1068 2480 a
1091 2449 1210 2481 scriba
1229 2452 1389 2490 apparet.

127 2500 157 2531 5.
179 2511 196 2529 <<
219 2500 318 2532 Nous
335 2501 531 2532 n'hesitons
550 2510 613 2542 pas
641 2501 669 2534 a.
694 2501 917 2533 reconnaitre
948 2500 1036 2533 dans
1068 2501 1233 2534 Floriren
1265 2502 1296 2533 le
1322 2501 1427 2532 heros
1460 2499 1502 2532 de
1532 2502 1634 2531 notre

88 2554 226 2594 poeme.
249 2552 368 2591 Quant
390 2553 410 2584 a
430 2555 521 2585 cette
545 2553 770 2595 designation
793 2566 800 2585 :

336 2622 412 2661 Que
431 2632 514 2664 pres
530 2623 683 2665 premier
706 2624 749 2656 de
763 2624 904 2663 ‘Fransa
921 2627 1135 2657 mandamen

131 2696 207 2729 Elle
228 2700 281 2729 est
300 2697 517 2739 susceptible
541 2697 583 2729 de
610 2698 789 2740 plusieurs
812 2699 1113 2741 interpretations‚
1133 2699 1221 2730 mais
1245 2697 1319 2730 doit
1342 2695 1555 2732 s'entendre,
1574 2704 1636 2727 se-

94 2749 154 2781 lon
175 2759 276 2788 nous,
298 2759 344 2783 au
361 2759 443 2783 sens
461 2750 605 2792 indique
626 2760 690 2793 par
712 2761 770 2784 ces
790 2761 870 2785 vers
895 2763 902 2783 :

1413 2821 1431 2852 5
