1881 3104
687 98 950 139 —107-

39 209 203 260 alonge
220 213 454 260 sequentes
467 211 632 263 Regem
648 212 891 250 clamabant
907 211 1100 250 dicentes
1116 221 1124 248 :
1142 224 1160 244 «
1172 207 1425 247 Consortare
1441 210 1588 246 contra

37 273 334 313 adversarium
361 278 499 323 tuum,
524 276 695 315 domine
718 276 823 315 Rex.
845 292 864 311 »
888 276 1107 325 Erantque
1127 284 1283 312 manus
1306 271 1442 322 Regis
1462 272 1586 310 valde

36 350 192 389 graves
230 351 238 377 :
270 343 362 379 erat
391 340 505 379 enim
542 341 634 380 Rex
671 341 880 380 loricatus
917 343 959 379 et
1000 352 1112 390 aqua
1151 338 1294 377 sinum
1336 338 1447 386 ejus,
1484 336 1587 373 dum

38 406 327 443 transnataret
348 405 542 452 fluvium,
567 406 756 457 replens,
780 405 1035 444 indumenta
1058 403 1203 442 omnia
1222 401 1406 440 nimium
1430 399 1586 449 adgra-

34 471 224 508 vaverat.
241 468 326 508 Sed
347 469 421 508 diu
441 471 713 520 multumque
735 470 1023 516 decertantes,
1044 468 1216 508 tandem
1237 467 1472 517 insurgens
1496 464 1588 503 Rex

38 544 172 583 super
212 533 493 574 Bertoaldum
536 536 753 574 interfecit
793 548 906 575 eum.
940 535 1202 584 Tollensque
1242 535 1370 583 caput
1408 533 1504 581 eJus
1543 530 1587 568 in

38 600 163 636 conto
204 611 410 638 reversus
451 603 519 639 est
556 601 608 639 ad
645 601 852 640 Francos.
888 601 1040 651 Illique
1074 600 1275 650 lugentes
1318 596 1588 648 <nesciebant

35 662 148 701 enim
173 664 275 714 quid
299 665 409 716 Regi
432 666 720 717 contigisset),
745 666 840 705 viso
864 679 913 705 eo
941 665 1080 717 gavisi
1103 667 1206 703 sunt
1230 662 1389 714 gaudio
1411 672 1583 711 magno.

35 726 127 766 Rex
146 740 249 767 vero
272 732 406 767 totam
428 733 587 768 terram
609 730 828 769 Saxonum
845 731 1094 775 devastans,
1120 731 1162 767 et
1182 738 1353 766 omnem
1375 725 1585 777 populum

31 791 308 841 interficiens,
342 806 428 832 non
466 794 631 833 ibidem
664 797 876 845 majorem
909 794 1129 832 hominem
1161 793 1379 832 viventem
1412 789 1586 839 reliquit

30 867 159 906 quam
181 857 406 906 longitudo
437 859 570 909 gladii
603 859 671 897 sui
694 871 822 909 quem
854 861 1022 909 spatam
1044 861 1214 903 vocant,
1234 856 1392 894 habere
1414 854 1587 893 videba-

31 923 113 959 tur.
139 921 230 960 Hoc
262 921 407 972 itaque
440 923 616 974 signum
650 923 693 961 in
732 923 958 974 regionem
991 923 1108 961 illam
1142 921 1309 967 statuit,
1340 919 1507 958 scilicet
1538 921 1587 956 ut

30 986 195 1036 posteri
227 987 446 1026 discerent
477 995 637 1038 quanta
659 988 878 1027 Saxonum
912 987 1094 1038 perfidia
1127 985 1329 1032 extiterit,
1355 988 1397 1023 et
1429 986 1584 1034 quanta

30 1048 297 1091 Francorum
319 1053 502 1104 polleret
521 1054 726 1105 potentia⁷
751 1057 998 1104 quantaque
1021 1054 1191 1104 Regum
1221 1054 1455 1103 provocata
1475 1060 1586 1100 prae-

30 1116 195 1155 valeret
215 1117 470 1157 animositas
494 1119 521 1157 1.
553 1135 572 1154 »

83 1182 284 1221 Narratio
307 1182 392 1221 ista
413 1183 516 1222 totis
538 1183 581 1221 in
603 1183 801 1234 partibus
824 1184 1079 1234 popularem
1097 1181 1289 1220 fabulam
1311 1179 1455 1229 arguit
1475 1190 1483 1216 ;
1506 1177 1588 1216 Da·-

31 1246 202 1298 goberti
235 1251 454 1286 certamen
479 1260 575 1287 cum
598 1248 831 1286 Bertoaldo
855 1250 897 1286 et
915 1248 1098 1293 vulnus;
1125 1244 1330 1295 armigeri
1351 1243 1510 1293 legatio
1534 1242 1586 1280 ad

30 1312 299 1352 Clotharium
340 1312 413 1363 qui
458 1313 501 1350 in
539 1313 757 1351 Ardcnnis
800 1312 1072 1358 morabatur3
1121 1309 1329 1349 Clotharii
1379 1307 1586 1346 auxilium

30 1380 144 1417 tanta
166 1377 420 1429 pernicitate
443 1378 620 1416 allatum
640 1382 686 1415 ut
706 1377 749 1415 in
777 1389 976 1427 campum
997 1388 1082 1414 non
1111 1375 1255 1414 serius
1283 1376 1481 1412 accurrat
1512 1384 1587 1410 rex

27 1455 156 1493 quam
179 1446 227 1481 ut
251 1442 487 1482 exercitum
517 1442 795 1481 inclinantem
818 1445 983 1488 servet3
1006 1441 1174 1491 epicum
1194 1438 1403 1479 Clotharii
1424 1442 1466 1476 et
1484 1438 1587 1476 Ber-

28 1508 191 1547 thoaldi
221 1508 306 1547 sibi
334 1508 527 1547 convicia
558 1507 819 1558 Jactantium
852 1511 1094 1553 certamem
1125 1505 1243 1556 regis
1277 1504 1420 1555 gallici
1448 1504 1586 1542 victo-

27 1573 91 1612 ria
113 1576 154 1612 et
179 1573 429 1612 fabulosum
451 1573 629 1612 ultionis
652 1585 805 1623 genus,
828 1573 869 1612 id
900 1585 1053 1623 nempe
1077 1572 1190 1622 quod
1224 1570 1448 1621 popularis
1470 1570 1584 1607 fama

28 1638 214 1677 libenter
247 1639 421 1678 referat.
454 1639 756 1678 Narrationem
797 1641 931 1677 totam
974 1650 1019 1676 se
1053 1641 1258 1687 tanquam
1314 1635 1480 1685 epicam
1521 1634 1587 1671 sa-

29 1703 175 1742 bulam
218 1704 401 1754 prodere
442 1708 684 1754 appareret,
728 1703 898 1742 etiamsi
933 1703 1013 1741 hoc
1054 1701 1300 1740 certissimo
1334 1700 1462 1738 modo
1502 1711 1585 1737 non

30 1768 203 1807 aliunde
225 1768 468 1807 doceretur.

83 1833 183 1872 Haec
206 1833 373 1872 scilicet
391 1834 598 1884 leguntur
616 1833 657 1871 in
677 1834 720 1872 S.
743 1833 940 1881 Faronis,
964 1832 1159 1883 episcopi
1180 1829 1424 1870 Meldensis
1445 1828 1533 1866 vita
1555 1830 1583 1864 2'.

32 1914 51 1933 «
71 1897 173 1949 Ipsa
195 1901 263 1936 est
293 1910 401 1948 gens
422 1897 670 1948 (Saxonum)
699 1912 722 1937 a
752 1898 972 1937 Clothario
1002 1898 1120 1946 Rege
1149 1896 1411 1947 depopulata
1434 1906 1483 1931 ex
1505 1893 1584 1931 hu-

28 1974 154 2001 mano
178 1961 343 2001 semine
374 1963 417 2000 in
451 1966 540 2001 tota
573 1966 688 2001 terra
709 1963 781 2002 illa
811 1963 1116 2012 neminemque
1148 1960 1324 2011 reliquit
1356 1960 1581 2008 majorem,

27 2026 113 2065 nisi
144 2027 196 2065 ad
225 2039 318 2065 eam
346 2039 597 2065 mensuram
626 2039 710 2077 qua
741 2028 874 2078 Regis
905 2027 1024 2066 ensis
1060 2039 1106 2065 se
1139 2025 1376 2064 attollebat.
1413 2023 1474 2061 Ex
1502 2034 1585 2071 qua

29 2091 212 2130 victoria
245 2104 418 2130 carmen
451 2091 671 2142 publicum
693 2092 820 2144 ματα
847 2093 1108 2130 rusticitatem
1138 2103 1215 2142 per
1249 2088 1440 2128 omnium
1475 2098 1583 2138 pene

30 2156 240 2196 volitabat
261 2169 336 2195 ora
364 2156 424 2195 ita
454 2157 714 2204 canentium,
744 2157 1000 2208 feminaeque
1023 2157 1180 2196 choros
1209 2155 1307 2193 inde
1340 2153 1584 2205 plaudendo

35 2222 352 2273 componebant
376 2233 384 2259 :

244 2354 302 2390 De
319 2355 539 2392 Chlothario
560 2363 617 2393 est
636 2368 771 2394 canere
789 2368 875 2404 rege
891 2357 1143 2401 Francorum,

241 2419 313 2462 Qui
335 2421 404 2456 ivit
422 2433 589 2468 pugnare
610 2425 648 2458 in
670 2429 822 2469 gentem
843 2423 1055 2469 Saxonum,
1078 2428 1149 2459 etc.
1178 2439 1192 2456 »

32 2549 214 2589 Rustica
233 2549 368 2600 igitur
391 2550 512 2589 fuere
543 2552 734 2591 carmina
762 2564 854 2602 quae
881 2553 995 2591 bella
1028 2553 1237 2592 Clotharii
1266 2554 1415 2591 contra
1443 2551 1581 2591 Saxo-

78 2694 104 2724 1.
131 2691 230 2725 Gesta
240 2690 525 2733 Dayoberct,x1v;
539 2692 582 2723 cf.
596 2691 695 2725 Gesta
707 2701 826 2733 reyum
836 2692 1074 2733 Francorum,
1085 2703 1154 2730 xL13
1166 2693 1255 2726 Dom
1269 2693 1443 2734 Bouquet,
1458 2704 1494 2730 11,
1510 2694 1567 2726 567
1576 2698 1584 2704 '

74 2747 105 2778 ⁶2.
131 2746 220 2777 Acta
240 2748 444 2777 sanctorum
465 2744 499 2777 S.
521 2745 705 2778 Benedicti
722 2746 843 2779 saeculi
866 2756 903 2783 11,
920 2756 954 2787 p.
973 2747 1044 2779 590.
