1881 3104
845 155 899 161 —-
939 132 1104 173 162—-

197 247 374 290 militem,
395 251 571 295 praestate
601 257 671 283 vos
702 248 815 283 viros.
839 245 1041 281 Vindicate
1069 250 1210 292 patrem
1234 256 1364 280 meum
1389 245 1428 280 in
1458 246 1683 289 libertatem,
1717 255 1754 283 et

197 323 312 359 quam
333 311 523 358 ocyssime
554 311 700 357 eripite.
725 310 794 345 11ae
822 321 932 346 voces
966 311 1116 346 silentio
1138 316 1316 357 exceptae,
1339 311 1533 355 ingentem
1561 312 1753 348 tristitiam

198 384 235 413 et
269 376 485 413 luctuosam
516 375 797 412 solicitudinem
833 375 916 410 urbi
950 375 1214 411 tantummodo
1248 386 1438 422 peperere,
1478 386 1591 412 nemo
1627 382 1753 412 tamen

196 442 347 478 hostem
372 441 523 488 insequi
543 451 657 475 ausus
689 445 758 484 est,
795 441 871 476 imo
904 451 951 476 ne
985 440 1102 487 Regis
1131 440 1283 487 quidem
1317 441 1415 475 lilius
1445 439 1594 476 Corhua
1615 441 1756 477 libera-

198 509 343 544 tionem
371 506 540 554 parentis
573 506 690 541 armis
717 512 861 542 tentare
889 506 1084 542 sustinuit.
1116 506 1252 541 Franci
1274 505 1446 549 victoria,
1478 516 1591 552 quam
1620 517 1755 543 conse-

198 573 274 609 cuti
307 578 426 615 erant,
460 576 616 607 ovantes
650 571 807 607 domum
841 577 1024 607 remeant.
1062 571 1161 606 Tum
1194 570 1278 605 Rex
1310 570 1480 606 Franciae
1510 571 1665 607 Florent
1697 572 1755 607 his

199 639 324 675 verbis
344 639 570 675 Floventem
591 638 799 685 alloquitur
833 650 838 673 :
864 637 1129 673 Gratissimam
1163 629 1199 671 et
1223 646 1305 682 quae
1334 636 1530 671 memoriae
1558 647 1756 684 nunquam

199 704 358 746 excidet,
384 704 567 751 optimam
589 702 684 738 mihi
707 703 825 739 tulisti
847 714 958 750 opem
982 711 990 739 :
1014 701 1193 738 domuisti
1215 700 1333 744 enim,
1362 705 1398 737 et
1419 702 1457 736 in
1487 712 1611 737 meam
1633 707 1758 749 potes-

199 774 315 805 tatem
331 768 520 804 tradidisti
539 767 688 802 hostem
706 765 999 807 ferocissimum,
1015 777 1101 802 cum
1117 777 1190 813 quo
1207 766 1468 814 gravissimas,
1487 767 1600 814 longo
1616 775 1757 814 tempo·

199 834 249 871 ris
274 833 488 877 intervallo,
514 832 721 869 discordias
743 831 834 868 alui.
857 831 1020 879 Jamque
1041 831 1179 867 Franci
1195 843 1345 868 summo
1365 843 1449 868 cum
1471 833 1608 879 gaudio
1624 838 1661 869 et
1678 844 1758 869 am-

196 900 336 937 bitioso
369 899 544 947 strepitu,
568 899 641 934 late
662 897 908 933 circumcirca
929 899 1094 943 sonanti,
1119 897 1276 933 domum
1298 897 1560 934 contendunt:
1588 897 1756 945 tripudia

197 978 286 1002 vero
308 977 440 1002 eorum
461 965 602 1011 tragico
624 963 751 999 forsan
771 962 874 1009 prius
894 962 999 998 exitu
1017 963 1215 1009 finiuntur,
1241 974 1354 1010 quam
1374 963 1505 999 urbem
1522 965 1666 999 intrent
1684 961 1753 1012 (lt).

194 1032 351 1069 Florent
382 1041 471 1067 vero
502 1040 568 1065 rex
597 1029 780 1073 Franciae‚
812 1027 859 1063 ad
888 1028 1074 1077 Salatre1n
1106 1028 1251 1075 Regem
1287 1039 1510 1075 conversus,
1534 1040 1756 1065 sermonem

196 1098 248 1133 ita
270 1097 447 1134 orditur:
475 1095 693 1142 Ingentem,
725 1093 983 1141 perditissime
1015 1096 1070 1129 vir
1100 1099 1213 1142 atque
1244 1094 1528 1139 scelestissime,
1562 1095 1673 1130 nobis
1699 1095 1755 1130 in-

199 1163 317 1199 tulisti
348 1161 508 1198 cladem.
540 1160 629 1196 Non
653 1160 768 1207 Regis
789 1172 970 1208 purpura,
1003 1161 1067 1197 sed
1089 1161 1241 1208 tyranni
1263 1161 1502 1198 immanitate
1522 1162 1673 1205 efferus,
1695 1163 1755 1196 in-

195 1228 360 1276 quilinos
395 1226 500 1273 regni
531 1227 608 1261 mei
637 1225 789 1261 miseris
825 1225 948 1261 modis
979 1226 1160 1269 afflixisti,
1192 1228 1395 1264 Franciam
1431 1227 1572 1274 rapinis
1600 1224 1655 1277 (p.
1693 1223 1753 1276 79)

195 1294 356 1334 vexasti,
378 1292 569 1339 exitioque
593 1302 679 1326 meo
701 1290 946 1328 imminuisti.
973 1291 1085 1327 Nunc
1113 1303 1201 1329 vero
1231 1293 1396 1329 fascibus
1426 1292 1522 1328 meis
1558 1291 1754 1338 obtempe-

198 1363 365 1405 raturus,
399 1368 553 1405 poenam
588 1356 812 1392 temeritatis
851 1361 923 1392 tuae
956 1356 1037 1392 luas
1068 1357 1372 1402 meritissimam‚
1404 1364 1441 1393 et
1473 1362 1515 1392 ut
1543 1361 1754 1392 sementem

196 1424 329 1460 seceris
359 1424 410 1458 ita
431 1429 550 1458 metes
585 1432 591 1458 :
625 1427 660 1457 te
682 1423 785 1457 enim
810 1421 1012 1468 conjiciam
1042 1422 1080 1457 in
1113 1422 1441 1470 squalidissimum
1468 1429 1504 1458 et
1539 1421 1754 1458 sordidissi-

196 1501 302 1525 mum
325 1499 530 1531 carcerem,
565 1487 628 1534 qui
660 1491 738 1522 tota
763 1486 856 1522 urhe
876 1486 1112 1523 Parisiorum
1146 1487 1308 1524 inveniri
1339 1493 1478 1535 potest,
1514 1487 1564 1522 ihi
1584 1487 1754 1523 inclusus

197 1560 252 1591 lot
272 1555 371 1590 mala
392 1552 614 1595 sustinebis,
640 1557 731 1599 quot
751 1552 806 1588 sol
840 1551 879 1601 (l)
901 1563 1070 1600 unquam
1091 1553 1241 1590 viderit.
1265 1553 1328 1589 Ad
1348 1553 1429 1589 haec
1449 1553 1533 1588 Rex
1555 1552 1716 1588 Salatres
1744 1564 1751 1588 :

193 1622 280 1657 Jam
305 1620 548 1656 timidissime
580 1618 785 1655 homuncio
812 1619 1047 1666 ampullaris‚
1073 1625 1109 1655 et
1134 1620 1249 1656 verba
1276 1619 1427 1667 projicis
1455 1617 1750 1665 sesquipedalia,

193 1689 257 1735 qui
278 1693 406 1722 tamen
439 1685 596 1721 nomine
618 1684 714 1730 regis
743 1683 898 1720 inferior
928 1695 982 1721 eS.
1007 1684 1179 1730 Triginta
1209 1695 1361 1720 menses
1396 1681 1461 1732 (m)
1491 1683 1529 1718 in
1551 1693 1667 1728 regno
1688 1688 1751 1718 tuo

193 1752 361 1795 consedi,
397 1752 509 1787 urbes
531 1755 568 1787 et
596 1750 750 1786 castella
786 1752 1014 1797 expugnavi,
1048 1755 1084 1786 te
1118 1755 1247 1786 tamen
1280 1749 1479 1786 heroicum
1508 1748 1655 1784 facinus
1685 1758 1750 1794 pa-

192 1824 356 1854 trantem
379 1817 502 1853 adhuc
522 1827 598 1852 non
622 1815 696 1852 vidi
723 1814 778 1865 (n)
798 1828 807 1861 ς
828 1822 865 1852 et
884 1816 960 1851 nisi
985 1815 1092 1852 hicce
1109 1816 1276 1863 juvenis,
1302 1815 1365 1863 qui
1389 1820 1464 1851 tres
1485 1824 1590 1849 meos
1611 1813 1750 1859 Reges,

236 1987 281 2029 (lc)
301 1988 327 2019 F
351 1986 475 2029 adjicit
495 1996 504 2018 .·
534 1985 627 2027 Mag.
650 1985 785 2017 Simon.
809 1984 989 2017 Coeterum
1023 1983 1283 2026 exemplariaA
1308 1983 1350 2014 D.
1373 1984 1408 2015 et
1427 1982 1590 2024 inprimis
1609 1982 1648 2014 F.
1671 1981 1754 2013 huic¹

194 2043 269 2075 loco
290 2041 519 2084 prolixiorem
544 2040 708 2072 inserunt
728 2039 971 2070 narrationem
993 2037 1035 2069 de
1056 2036 1155 2068 luctu
1175 2037 1471 2071 Corboliensi111n‚
1499 2039 1532 2067 et
1556 2035 1648 2077 quod
1666 2036 1753 2067 Cor--

195 2095 317 2127 (luban
340 2094 435 2126 idola
452 2093 717 2125 Machumetum
742 2095 778 2125 et
799 2093 979 2135 Terogant
998 2091 1150 2123 barbaro
1177 2091 1247 2123 ritu
1277 2091 1404 2123 baculo
1426 2090 1678 2126 verberaverit,
1704 2089 1753 2121 di—

194 2149 414 2184 laceraverit,
440 2150 474 2179 et
497 2148 533 2179 111
557 2147 935 2189 scrobemprojeccrit‚
955 2144 1085 2177 additis
1100 2144 1217 2182 minis,
1239 2145 1287 2176 ibi
1306 2145 1423 2177 silicet
1434 2153 1614 2180 mansura,
1630 2143 1665 2175 ni
1681 2143 1753 2176 Re-

194 2199 273 2242 gem
298 2199 521 2232 reducerent.

236 2254 273 2294 (l)
296 2254 326 2286 D
348 2253 374 2284 F
399 2267 405 2284 z
431 2255 511 2295 post
534 2255 695 2295 tempora
718 2252 841 2285 Nohze.

236 2308 297 2347 (m)
318 2307 349 2338 Α
373 2307 402 2338 Ι)
423 2318 428 2337 ;
455 2316 578 2338 annos.

235 2361 289 2400 (n)
311 2360 340 2391 A
366 2360 394 2390 D
417 2360 441 2391 F
465 2371 471 2391 :
503 2370 568 2393 nec
593 2363 624 2391 is·
661 2370 817 2402 unquam
844 2371 886 2393 ex
911 2361 998 2392 urbe
1024 2362 1212 2392 exeuntem
1246 2359 1279 2391 xi
1295 2359 1330 2391 li.
1356 2361 1546 2399 aut-‘quain
1571 2357 1752 2398 111011110-

195 2415 249 2445 nis
275 2414 337 2445 tibi
372 2414 503 2446 auxilio
527 2414 635 2446 venit.
670 2413 865 2456 lii-einplm·
896 2415 921 2445 F
950 2414 1021 2447 lis-rc
1053 2413 1206 2456 prolixis·
1243 2410 1356 2444 verbis
1380 2409 1620 2452 persequitur.
1652 2409 1753 2440 Sala-

195 2473 284 2500 irem
321 2477 448 2509 nempe
487 2467 803 2499 1⁴*lox‘eniimctiim
828 2468 1054 2509 potissimum
1088 2466 1317 2509 exprobasse,
1341 2464 1614 2504 minitatumspie
1644 2462 1752 2493 suis->20

196 2520 285 2551 lilios
319 2529 402 2551 snos
438 2520 527 2551 ‹luos
565 2520 708 2561 (quibus
731 2530 801 2552 xxx
835 2521 994 2562 equilum
1024 2521 1148 2556 millia⁷
1171 2523 1205 2553 et
1225 2519 1465 2555 Almaturum,
1488 2517 1546 2549 cui
1566 2526 1612 2548 xx
1643 2515 1755 2547 millia

196 2573 356 2614 equilum
392 2573 602 2612 militabant)
636 2573 695 2614 qui
737 2573 829 2603 intra
865 2577 1018 2613 quatuor
1050 2572 1125 2605 illes
1166 2571 1352 2604 adventuri
1397 2571 1598 2602 Florentem
1642 2578 1752 2611 regno

196 2630 339 2661 exuant,
366 2627 564 2667 urbemque
604 2626 724 2667 ignitis
750 2625 935 2666 machinis,
970 2635 1058 2667 quas
1084 2636 1125 2657 ex
1150 2625 1350 2657 Finnonnia
1375 2622 1609 2665 asportandas
1634 2631 1753 2654 curas-

199 2682 263 2712 sot.
289 2683 452 2711 exurant.
478 2679 679 2711 Florentem
709 2688 791 2711 vero
821 2679 917 2709 mill«¹
950 2679 1053 2710 malis
1073 2682 1240 2710 vexatum
1266 2681 1382 2720 {prout
1399 2686 1458 2709 eos
1482 2676 1692 2715 edocuisset)
1718 2675 1750 2705 in

196 2732 353 2764 Nimiam
379 2737 563 2765 exulatum
596 2733 750 2764 mittunt.
781 2732 909 2764 Postea
942 2742 1023 2763 vero
1048 2732 1109 2763 uni
1142 2732 1296 2763 11110111111
1320 2730 1518 2766 Franciam,
1543 2729 1644 2760 alteri
1669 2737 1751 2760 vcro

199 2786 455 2818 Normandiam
489 2796 688 2822 cessuram,
723 2785 854 2827 quibus
884 2786 1003 2827 regnis
1040 2784 1350 2820 administrandis,
1377 2787 1415 2815 ut
1451 2786 1531 2824 pote
1566 2782 1750 2814 hominum
