1881 3104
720 102 982 143 *ios-

80 210 298 262 sepulcrum
326 211 521 249 contineat
550 210 672 248 literar
704 211 743 247 in
778 209 942 260 sz'nqulzs
968 222 1156 262 expressae
1185 208 1388 247 doc-ebant.
1411 209 1530 249 Illico
1553 223 1625 249 ex-

79 275 356 326 pergefactus
374 275 549 313 nomina
570 286 663 325 quaa
683 274 879 313 audierat
901 274 1122 321 describit,
1145 276 1187 312 et
1213 286 1267 312 ex
1291 273 1532 324 Martyrum
1563 276 1626 313 al-

75 339 222 390 loquio
243 339 409 391 ingenti
432 340 694 379 exultatione
726 339 986 390 tripudians,
1013 343 1113 378 voto
1137 351 1184 378 se
1213 339 1328 389 quod
1358 343 1512 389 postea
1537 343 1625 377 stu-

81 405 357 444 diossissime
379 404 580 451 reddidit,
608 404 785 455 obligat.

132 487 151 506 «
173 470 227 509 X.
244 470 444 510 Posthaec
457 469 705 509 Clotharius
727 469 877 516 filium,
895 473 942 508 ut
957 469 1178 520 praetuli‚a
1193 468 1453 507 Sanctorum
1468 479 1628 506 memo-

77 535 141 573 ria
162 548 240 586 per
259 547 305 573 se
333 536 516 574 avellere
545 535 738 586 cupiens,
762 534 1069 573 comitantibus
1091 533 1290 584 plurimis
1310 533 1630 584 adpropinqua-

79 599 196 638 bant.
236 599 321 638 Sed
361 600 462 650 quia
495 612 579 638 non
614 599 758 638 minus
793 599 835 637 in
870 599 1015 650 Reges
1054 611 1182 649 quam
1219 598 1263 636 in
1293 598 1401 636 alios
1430 597 1629 636 homines

81 665 223 704 divina
249 665 365 715 quod
384 665 478 703 vult
508 668 678 703 exercet
698 664 903 715 potentia,
928 663 1002 714 qui
1027 663 1190 702 inertes
1213 663 1322 701 alios
1344 665 1560 713 arguerat,
1584 661 1632 701 fit

78 729 172 780 ipse
194 729 326 768 iners.
348 729 408 768 Ut
429 729 659 768 manifeste
682 729 958 780 intelligeret,
982 729 1180 779 quamvis
1201 728 1295 779 ipse
1318 731 1437 766 esset
1458 731 1628 778 potens,

78 794 397 844 potentioribus
439 794 778 832 concedendum.
818 793 986 844 Quippe
1019 793 1238 844 Martyres
1272 792 1506 843 fugitivum
1539 794 1630 830 tue-

77 857 247 904 bantur,
273 861 315 896 et
335 861 510 896 econtra
531 858 682 896 hostes
703 858 830 908 longe
853 871 877 895 a
898 857 992 896 suis
1015 857 1311 908 penetralibus
1331 856 1550 895 arcebant.

133 938 149 957 (ι
183 922 258 961 XI.
282 923 436 962 Victus
457 935 559 974 ergo
583 923 845 970 motharius,
871 926 913 961 et
930 922 991 961 rei
1014 922 1309 973 magnitudine
1343 922 1629 973 stupefactus,

77 987 198 1039 ponit
232 988 438 1035 furorem,
477 988 651 1039 filioque
688 988 800 1026 redit
836 988 878 1026 in
911 992 1093 1039 patrem,
1131 988 1319 1038 ignoscit
1360 988 1545 1038 culpam,
1581 986 1632 1025 de

78 1052 311 1091 securitate
345 1053 587 1103 pollicetur.
613 1053 676 1091 Ita
711 1053 885 1091 demum
921 1052 1108 1091 abeundi
1143 1052 1267 1102 copia
1296 1063 1516 1098 concessa,
1554 1051 1632 1090 aedi

77 1116 303 1156 beatorum
337 1118 580 1169 Martyrum
615 1118 823 1165 succedit,
861 1130 1023 1168 eosque
1069 1122 1274 1169 patronos
1316 1117 1469 1156 humili
1506 1129 1632 1167 prece

76 1181 266 1229 asciscit,
292 1194 478 1232 quorum
501 1186 705 1234 expertus
736 1183 879 1222 fuerat
908 1182 1188 1221 manifestum
1208 1182 1386 1221 virtutis
1408 1181 1631 1220 indicium.

80 1246 225 1297 thue
260 1259 388 1297 quam
423 1247 604 1298 probata
639 1247 723 1286 sibi
755 1260 904 1286 eorum
936 1247 1091 1285 merita
1130 1250 1278 1285 essent
1312 1246 1503 1297 agnovit,
1539 1247 1635 1297 plu-

82 1311 240 1350 rimum
263 1312 356 1350 auri
379 1316 421 1350 et
447 1312 613 1363 argenti
635 1313 687 1350 ad
716 1312 985 1363 exornandas
1015 1324 1164 1350 eorum
1195 1311 1427 1350 memorias
1462 1310 1633 1355 obtulit,

82 1378 125 1414 et
155 1375 209 1414 >ad
256 1377 526 1415 exaltandam
572 1377 655 1416 loci
702 1376 1067 1428 magnificentiam
1114 1388 1350 1415 numerosa
1391 1379 1432 1413 et
1474 1374 1636 1425 optima

85 1441 245 1491 praedia
266 1441 398 1480 dedit.
433 1458 451 1477 »

139 1507 238 1546 Haec
278 1506 425 1545 fabula
470 1507 513 1545 in
551 1507 791 1557 Dagoberti
832 1506 978 1545 Gestis
1031 1507 1082 1545 ad
1133 1506 1451 1545 institutionem
1491 1503 1636 1542 Sancti

85 1570 283 1622 Dionysii
311 1572 564 1610 monasterii
593 1572 800 1617 refertur3
826 1572 864 1609 in
895 1571 1144 1611 Flooventis
1175 1575 1387 1622 poemate,
1423 1570 1636 1608 bellorum

81 1635 373 1674 narrationem
406 1648 556 1674 secum
590 1636 741 1683 trahit,
777 1637 836 1675 ita
869 1640 915 1675 ut
948 1649 997 1674 ex
1042 1636 1194 1674 eodem
1231 1637 1486 1685 argumento
1521 1632 1635 1684 quod

85 1705 185 1740 tunc
203 1701 478 1751 vulgabatur,
509 1701 669 1751 inJuria
703 1702 913 1740 sciliceta
934 1701 1184 1751 Dagoberto
1220 1699 1474 1751 praeceptori
1505 1699 1636 1746 illata,

85 1766 167 1805 alia
188 1766 302 1817 apud
323 1765 574 1811 monachos,
597 1766 679 1804 alia
701 1766 813 1816 apud
835 1766 1005 1817 plebem
1028 1765 1360 1803 deducerentur.

136 1831 260 1869 Nunc
307 1831 421 1868 ultra
462 1830 808 1880 progrediamur.
866 1830 1146 1880 Dagobertus
1190 1842 1213 1867 a
1258 1829 1479 1868 Clothario
1516 1828 1553 1866 II
1595 1827 1637 1866 in

81 1895 358 1934 Austrasiam
389 1895 554 1934 missus
589 1899 656 1934 est
683 1907 811 1946 quam
847 1899 1038 1946 regeret:
1068 1897 1194 1945 quus
1232 1894 1283 1933 de
1318 1893 1500 1944 imperio
1536 1905 1633 1932 cum

80 1960 420 2012 patrejurgavit.
447 1960 598 1999 Nonne
619 1960 742 2011 plebs
759 1960 934 2012 Juvenis
956 1960 1198 2011 Dagoberti'
1213 1959 1319 1998 illud
1338 1971 1521 2009 regnum
1542 1962 1639 1997 tan-

87 2037 217 2075 quam
255 2025 456 2064 exsilium
493 2025 546 2064 ob
586 2025 824 2064 admissam
864 2026 1035 2076 culpam
1068 2024 1347 2075 interpretari
1382 2023 1552 2074 potuit?
1587 2022 1636 2061 In

85 2090 317 2130 Austrasia
336 2089 529 2128 Saxones
555 2102 651 2128 cum
674 2094 794 2141 patre
817 2090 1070 2130 debellavit.
1097 2089 1188 2128 Imo
1209 2092 1382 2128 constat
1400 2089 1480 2126 hoc
1499 2088 1634 2126 Saxo-

85 2155 228 2194 nicum
246 2155 409 2193 bellum
430 2155 713 2206 popularibus
737 2155 936 2194 cantibus
959 2155 1002 2192 in
1018 2154 1155 2193 Gallia
1174 2154 1440 2193 celebratum
1460 2152 1598 2191 fuisse
1624 2164 1632 2190 ε

83 2220 198 2270 quod
228 2220 448 2258 declarant
472 2219 621 2258 eadem
644 2219 881 2270 Dagoberti
904 2222 1029 2269 gesta
1059 2219 1208 2258 verbis
1243 2230 1336 2269 quae
1370 2218 1500 2257 citare
1536 2228 1633 2268 pre-

85 2283 191 2322 tium
216 2288 296 2322 est.
614 2336 617 2338 μ

137 2364 156 2383 «
188 2348 235 2386 In
265 2347 351 2386 illis
385 2359 557 2398 quoque
580 2348 735 2387 diebus
759 2348 952 2387 Saxones
985 2348 1166 2387 nimium
1200 2348 1386 2387 rebelles
1409 2359 1506 2386 cum
1528 2346 1637 2384 Ber-

84 2413 227 2452 toaldo
247 2413 355 2451 duce
378 2417 705 2452 commoverunt
729 2414 943 2452 exercitus
965 2414 1160 2465 gentium
1182 2413 1467 2465 plurimarum
1491 2415 1639 2450 contra

84 2477 383 2528 Dagobertum
419 2479 582 2527 Regem
620 2478 970 2517 Austrasiorum.
1003 2479 1281 2529 Dagobertus
1315 2489 1417 2516 vero
1450 2479 1490 2514 et
1524 2476 1633 2527 ipse,

83 2543 262 2581 collecto
294 2542 419 2580 hoste
454 2541 654 2592 plurimo,
690 2542 859 2581 Renum
883 2543 1050 2590 transit,
1075 2546 1224 2581 contra
1251 2542 1444 2581 Saxones
1473 2541 1526 2579 ad
1560 2553 1636 2591 pu-

81 2619 209 2657 gnam
231 2606 346 2644 exire
369 2618 454 2644 non
476 2605 656 2645 dubitat.
681 2607 859 2657 Illisque
880 2608 1003 2646 valde
1022 2607 1334 2659 pugnantibus,
1359 2606 1636 2657 Dagobertus

83 2683 216 2721 super
237 2671 359 2721 galea
381 2670 533 2721 capitis
552 2671 620 2709 sui
639 2684 878 2722 percussus
895 2676 976 2719 est,
991 2676 1119 2722 atque
1139 2671 1337 2710 abscissa
1357 2671 1567 2722 particula
1586 2671 1637 2709 dc

81 2735 219 2786 capite
250 2748 347 2774 cum
387 2735 554 2786 capillis
587 2736 639 2775 ad
678 2740 837 2775 terram
869 2737 1042 2776 decidit.
1083 2737 1236 2775 Adtira
1268 2740 1412 2775 autem
1448 2736 1638 2786 armiger
