1881 3104
732 110 962 150 ...3:3-

78 221 342 261 Florentiam
372 222 632 260 consobrino
656 221 801 260 Ansaei
823 220 1008 259 Flovens
1037 219 1065 266 1,
1097 218 1333 256 Florettam
1351 216 1483 254 filiam
1502 217 1620 267 regis

73 288 202 326 Ansae
233 286 371 325 amico
403 287 606 326 Richario
637 287 852 326 Floovans
879 286 964 324 dat.
1007 283 1172 322 Deinde
1198 281 1384 320 Flovens
1407 283 1619 320 avunculo

77 364 100 390 a
120 351 303 402 paganis
326 351 513 391 obsesso
543 351 751 391 auxilium
781 351 906 390 affert
930 349 1044 388 sicut
1072 348 1287 387 Floovans
1318 345 1428 397 patri
1452 345 1621 384 Cloox’i-

79 415 170 463 sio;
206 419 248 455 et
283 419 385 467 post
422 419 607 455 mortem
644 416 844 455 avunculi
874 415 1110 466 imperator
1137 413 1284 451 Romae
1321 411 1537 449 salutatur
1579 413 1625 448 ut

78 480 308 527 Floovans‚
333 484 504 520 mortuo
527 485 663 533 patre,
686 494 761 520 rex
781 481 1066 520 Francorum.

132 545 317 596 Utrique
352 547 542 597 poemati
587 559 721 586 unum
762 546 896 597 igitur
937 544 1092 584 subest
1133 545 1437 594 argumentum
1459 553 1468 588 ;
1514 540 1626 579 unde

80 608 128 647 fit
148 613 194 648 ut
214 610 327 648 inter
357 614 399 649 et
428 611 632 662 gallicum
660 611 1038 660 hollandicumque
1065 608 1345 647 Floovantem
1376 610 1417 645 et
1448 606 1627 645 islandi-

81 686 178 713 cum
213 674 464 714 Floventem
499 679 540 714 et
573 676 772 715 italianos
804 675 986 714 Fiovum
1021 677 1062 712 et
1094 673 1395 712 Fioravantem
1431 671 1630 710 instituta

82 739 254 777 collatio
274 752 353 778 nos
375 740 537 779 rectius
558 743 598 779 et
617 741 823 779 subtilius
846 740 897 778 de
916 739 1056 790 prima
1076 737 1297 777 Floventis
1320 739 1362 775 et
1381 736 1630 775 Floovantis

80 803 434 853 formajudicare
457 804 585 849 sinat,
610 817 738 855 quam
760 804 1003 843 instaurare
1026 815 1139 841 nunc
1161 791 1459 841 tentabimus.-

132 867 185 905 A.
210 867 395 907 Fiovens
427 869 549 907 exsul
570 880 668 908 cum
696 869 829 907 sociis
853 868 1076 906 eremitam
1109 867 1197 905 adit
1225 866 1297 916 qui
1326 865 1363 904 ei
1397 878 1516 904 arma
1544 866 1628 905 dat.

81 934 123 970 ct
153 944 199 971 se
222 933 391 972 socium
413 934 544 981 addit,
567 934 781 973 bellorum
809 933 857 972 fit
884 933 1102 985 particeps
1138 936 1179 970 et
1210 931 1322 970 inter
1351 930 1630 982 pugnandum

81 997 322 1045 occumbit;
347 998 427 1037 hoc
451 1002 648 1038 statuunt
669 1002 710 1038 et
731 999 942 1038 Sansonis
965 1010 1152 1049 persona
1176 997 1219 1035 in
1239 996 1379 1048 primo
1407 996 1518 1034 libro
1548 995 1632 1034 Re-

82 1061 254 1113 giorum
288 1065 330 1102 et
359 1063 515 1102 Lucari
542 1064 585 1102 in
613 1064 855 1103 hollandico
878 1063 1128 1102 Floovante.
1157 1062 1300 1109 Quum
1331 1064 1513 1111 uterque
1537 1072 1635 1098 eas-

83 1127 180 1166 dem
203 1131 302 1179 agat
323 1133 484 1179 partes,
513 1141 626 1168 unus
647 1129 690 1167 in
709 1129 831 1167 Fiovi
853 1127 1061 1180 (Flox‘entJ
1083 1127 1280 1172 historia,
1305 1127 1413 1164 alter
1445 1126 1487 1164 in
1506 1126 1634 1165 Floo-

82 1193 240 1238 vantis,
266 1206 315 1231 ex
337 1206 422 1232 uno
445 1197 486 1233 et
507 1195 658 1233 eodem
687 1195 850 1233 ducunt
871 1194 1097 1245 originem,
1122 1205 1199 1231 nec
1223 1193 1365 1230 solum
1387 1191 1636 1230 Floovantis

85 1259 162 1296 sed
187 1262 229 1296 et
249 1258 471 1298 Floventis
490 1259 725 1298 narrationi
749 1258 1012 1297 attribuendi
1035 1262 1150 1297 sunt.

139 1324 188 1362 B.
209 1324 410 1373 Flovens‚
432 1326 565 1364 relata
581 1326 631 1364 do
653 1325 914 1364 Corsabrino
933 1324 1126 1370 victoria,
1147 1323 1230 1362 sibi
1249 1323 1504 1362 Marsibillae
1524 1333 1639 1360 amo-

87 1401 178 1426 rem
213 1389 413 1428 conciliat
440 1402 568 1440 quam
598 1403 749 1441 rapere
779 1402 863 1428 non
900 1389 1078 1428 invitam
1108 1392 1256 1427 tentat.
1288 1387 1412 1435 Quod
1441 1400 1461 1425 o
1493 1387 1639 1425 fabula

89 1453 305 1492 Florentis
327 1458 369 1492 et
391 1454 612 1494 Octaviani
636 1458 767 1506 patet.

141 1518 186 1558 C.
211 1519 363 1557 Filiam
396 1520 513 1569 regis
541 1520 807 1559 Francorum
838 1519 1100 1558 Florentiam
1127 1532 1223 1558 cum
1245 1519 1393 1558 Anszni
1425 1509 1638 1557 connubio

89 1584 314 1635 conjungit
342 1584 553 1633 Flovens;
588 1586 701 1635 quod
739 1586 895 1624 docent
930 1584 1090 1623 Fiovus
1122 1584 1254 1622 filiam
1288 1583 1485 1622 Fiorenzi
1521 1582 1638 1632 regis

85 1661 263 1687 uxorem
297 1649 482 1700 Ansoigi
516 1662 683 1688 necnon
712 1650 927 1688 Floovans
956 1661 1134 1687 uxorem
1169 1648 1372 1687 Richario
1404 1648 1640 1686 Florettam

87 1712 289 1751 offerens.
314 1713 362 1752 In
391 1713 648 1753 Fioravante
675 1714 782 1752 nihil
812 1714 863 1752 de
893 1714 1107 1752 connuhio
1140 1713 1306 1752 Ulianae
1329 1713 1395 1764 (z
1421 1711 1639 1755 Florettzr‘)

87 1790 184 1817 cum
216 1779 434 1822 Richario,
460 1779 562 1829 quia
594 1779 741 1817 fabula
773 1779 824 1817 ad
859 1778 987 1816 finem
1011 1778 1062 1816 al]
1086 1764 1358 1816 Fiormantis
1383 1781 1558 1816 auctore
1585 1776 1638 1814 ol)

88 1844 238 1882 ambas
273 1843 316 1881 in
349 1856 482 1882 unum
517 1844 721 1882 confusas
755 1843 1026 1882 narrationes
1062 1843 1371 1881 transformata
1397 1846 1483 1889 est3
1511 1854 1639 1892 quam

87 1909 140 1947 ol]
164 1920 340 1947 causam
363 1920 604 1959 suppressa
629 1912 695 1946 est
717 1907 863 1946 auxilii
885 1920 908 1945 a
929 1906 1016 1945 filio
1038 1907 1149 1957 patri
1179 1907 1294 1944 allati
1314 1906 1518 1953 narratio,
1543 1918 1637 1956 quae

87 1974 139 2012 ad
162 1974 289 2012 finem
311 1973 453 2024 gallici
475 1973 724 2012 Floovantis
747 1977 794 2011 ut
815 1972 1012 2011 islandici
1034 1972 1254 2010 Flovcntis
1277 1971 1451 2021 legitur.

140 2038 191 2076 D.
217 2038 303 2077 Seu
325 2038 367 2076 in
390 2051 439 2076 ea
461 2050 555 2088 quae
575 2037 1197 2088 deficitMonspessulancnsis
1219 2036 1380 2075 codicis
1399 2038 1535 2087 parte,
1562 2047 1639 2074 seu

87 2102 130 2141 in
161 2103 243 2140 alio
275 2101 525 2142 Floovantis
562 2106 694 2151 textu,
724 2101 903 2140 eremita
937 2101 1111 2151 quidam
1146 2100 1433 2139 inducebatur
1465 2100 1508 2138 in
1546 2112 1640 2138 scc-

87 2180 207 2215 nam3
233 2180 361 2218 quem
388 2170 672 2219 repraesentat
701 2166 882 2205 eremita
903 2178 1031 2216 quem
1054 2165 1222 2216 fingunt
1244 2164 1516 2204 Fioravantis
1548 2164 1638 2202 his-

88 2233 198 2274 toria
220 2235 261 2271 et
284 2233 385 2271 holl.
409 2232 715 2283 fragmentum.
743 2230 806 2269 Cf.
830 2231 882 2275 A.

142 2298 190 2337 E.
218 2298 419 2337 Vidimus
442 2297 691 2336 Floventem
714 2295 878 2346 hospiti
900 2295 1118 2334 ditissimo
1144 2294 1314 2334 cuidam
1336 2307 1360 2333 a
1381 2306 1481 2344 rege
1505 2294 1638 2332 Fran-

91 2376 240 2403 corum
267 2375 366 2402 esse
388 2362 758 2408 commendatum3
785 2360 1085 2399 Fioravantem
1108 2372 1279 2410 quoque
1303 2359 1346 2397 in
1367 2358 1513 2397 divitis
1536 2359 1640 2397 hos-

90 2429 193 2480 pitis
225 2429 353 2467 domo
385 2427 697 2477 aliquantisper
722 2425 953 2464 demorari.
984 2425 1109 2464 Unde
1141 2429 1285 2463 autem
1316 2425 1425 2462 hanc
1452 2423 1639 2474 hospitis

90 2505 322 2544 personam
345 2492 574 2531 desumere
594 2490 735 2542 potuit
754 2490 956 2529 italianus
980 2490 1156 2529 auctor?
1177 2489 1272 2527 Non
1294 2489 1402 2527 hanc
1424 2501 1473 2526 ex
1496 2488 1639 2538 aliquo

90 2557 311 2596 Florentis
341 2559 460 2595 textu
481 2556 524 2594 in
545 2555 817 2595 Fioravantis
847 2555 1075 2593 historiam
1105 2553 1347 2600 transtulit3
1371 2565 1469 2591 nam
1499 2566 1519 2591 e
1550 2557 1639 2593 toto

89 2622 387 2661 narrationum
409 2624 557 2660 tenore
579 2624 697 2672 patet
715 2622 861 2659 exacte
891 2623 1108 2659 auctorem
1135 2618 1369 2669 separatim
1392 2622 1434 2656 et
1456 2618 1642 2657 fideliter

137 2764 164 2795 1.
187 2762 278 2795 Vide
295 2771 414 2804 supra,
437 2771 470 2803 p.
493 2761 547 2793 66.
