1881 3104
851 126 908 130 —
942 101 995 141 80
1040 125 1085 131 .-

186 219 230 253 et
263 212 490 264 paululum
520 211 694 250 diverso
732 211 875 261 gallici
911 211 1160 250 Floovantis
1196 215 1367 263 reperto
1399 214 1560 262 codice,
1597 214 1747 253 Fiora-

183 277 325 317 vantis
351 275 627 329 (Floovantis)
653 275 897 322 historiam,
923 276 1167 315 commixtis
1188 276 1360 316 duobus
1384 279 1589 326 textibus,
1610 279 1660 318 de
1683 279 1748 317 in-

186 347 308 395 tegro
328 341 583 387 narraverit,
610 353 736 379 nemo
761 353 875 379 sanai
898 341 1056 380 mentis
1080 342 1324 381 crediderit.
1349 343 1438 382 Nec
1460 346 1603 382 tamen
1625 345 1751 383 aliter

188 422 259 448 res
281 408 495 459 explicare
519 406 662 457 possit
684 406 756 456 qui
779 418 948 445 mecum
970 406 1242 446 Fioravantis
1266 408 1495 447 historiam
1517 422 1541 447 a
1566 409 1747 459 reliquis

189 475 444 524 disjungere
490 471 693 509 noluerit.
729 470 810 518 Qui
858 471 968 510 duos
1008 472 1260 511 Floovantis
1307 473 1479 512 codices
1530 474 1573 512 in
1618 486 1748 512 unam

184 539 406 578 italianam
442 535 714 574 Fioravantis
762 536 991 575 historiam
1032 537 1197 587 coegit,
1239 537 1308 575 ille
1356 537 1484 576 etiam
1525 538 1748 577 Floventis

187 604 331 657 (Fiovi)
363 606 403 641 et
441 602 659 640 Florentis
698 602 1009 652 Octaviamque
1037 603 1328 654 (Drugiolinae)
1363 603 1517 654 gallica
1549 607 1751 654 poemata

187 683 272 709 una
317 667 613 718 congregavit,
653 671 694 706 et
729 680 779 705 ex
820 667 1024 706 omnibus
1059 668 1126 706 his
1164 668 1331 717 gallicis
1367 668 1582 719 poematis
1613 680 1749 707 unum

185 735 413 774 italianum
434 732 595 771 librum
615 733 801 772 confecit
823 733 889 771 cui
911 745 1065 771 nomen
1087 734 1328 773 Fz'orarante
1347 733 1586 785 inscripsit.

239 799 449 837 Italianus
469 810 570 837 vero
594 798 706 836 liber
738 798 808 836 ille
838 811 1038 837 sermone
1062 798 1412 849 franco-italiano
1447 799 1638 850 scriptus
1668 802 1748 838 est.

184 863 354 902 Etenim
378 876 463 902 non
486 864 629 901 solum
653 876 730 914 per
751 864 1136 915 septentrionalem
1168 864 1335 902 Italiam
1368 864 1523 915 gallica
1551 867 1753 915 poemata

183 928 226 966 in
251 928 495 966 Toscanam
518 931 870 979 penetraverunt,
896 929 972 967 sed
996 932 1037 967 et
1057 929 1195 967 nostri
1217 929 1315 967 libri
1334 929 1594 980 parisiensis
1617 930 1751 969 codex

186 993 517 1043 septentrionali
556 993 740 1032 dialecto
775 994 1032 1033 referendus
1062 998 1142 1033 est.
1174 994 1442 1033 Parisiensis
1466 995 1600 1033 codex
1622 997 1748 1045 cujus

182 1060 383 1108 excerpta
404 1058 447 1095 in
471 1059 584 1096 calce
608 1059 740 1109 11111115
762 1059 863 1097 libri
886 1060 1056 1098 edimus
1080 1063 1290 1111 perpetuo
1310 1060 1523 1099 vocabula
1545 1064 1587 1098 et
1603 1072 1749 1111 gram-

184 1123 364 1161 maticas
407 1123 571 1161 formas
610 1124 785 1162 exhibet
818 1136 937 1174 quae,
975 1125 1160 1175 exempli
1196 1125 1360 1176 gratia,
1396 1125 1438 1163 in
1467 1125 1586 1164 Bovo
1617 1137 1748 1163 vene-

185 1188 316 1234 tiano,
341 1187 384 1225 in
408 1189 599 1228 textibus
623 1202 646 1227 a
668 1189 884 1228 Mussafia
907 1190 1034 1229 editis
1057 1190 1357 1229 inveniuntur:
1381 1191 1497 1243 piare
1521 1189 1745 1242 (pigliare),

182 1259 302 1304 tagsar
344 1253 567 1304 nagnam),
610 1268 764 1306 moyere
802 1255 1038 1306 (mogliere,
1083 1255 1273 1306 moglie),
1311 1268 1408 1293 :axe
1444 1255 1584 1307 (jace),
1631 1255 1749 1293 e'nsz're

183 1318 373 1371 (uscire),
398 1317 522 1356 olcle‘re
554 1319 721 1371 (odire),
745 1319 865 1357 aleire
890 1319 1143 1371 (uccidere),
1172 1319 1293 1372 plaute
1318 1319 1412 1372 (fol.
1448 1322 1543 1372 116)
1575 1319 1748 1371 (piace),

184 1396 264 1434 maj
288 1396 364 1434 any
388 1383 478 1434 (noi
506 1384 609 1435 voi),
649 1385 724 1422 vite
756 1386 883 1423 ritem)
919 1384 1045 1435 (rede
1076 1386 1274 1437 vadeno),
1311 1398 1398 1424 -are
1428 1385 1607 1437 (ebbe),
1641 1390 1750 1423 sonte

179 1448 325 1500 (sono,
352 1449 483 1500 sum),
519 1449 613 1500 [0110
640 1449 830 1501 (furono)
868 1453 947 1489 etc.
974 1450 1122 1489 Primo
1157 1451 1312 1490 obtutu
1349 1463 1395 1490 se
1430 1450 1750 1502 septentriona—

183 1515 270 1552 lem
293 1515 450 1552 clamat
471 1514 566 1565 ipse
591 1518 733 1554 textus
754 1516 783 1553 1.

241 1578 326 1617 Sed
348 1580 514 1618 nullum
549 1581 690 1619 adhuc
711 1584 862 1619 notum
885 1584 951 1620 est
972 1593 1103 1632 prosa
1125 1581 1319 1620 oratione
1343 1582 1555 1633 scriptum
1576 1582 1746 1620 franco-

185 1645 410 1684 italianum
447 1637 583 1697 opus3
619 1646 718 1685 inde
754 1647 1016 1685 credendum
1048 1647 1271 1686 exstitisse
1306 1660 1461 1698 poema
1497 1646 1746 1686 franco-ita-

181 1710 346 1749 lianum
381 1712 507 1760 cujus
549 1711 644 1750 (lu-<e
670 1711 758 1763 (vel
789 1712 948 1762 plures)
982 1712 1155 1764 scriptas
1185 1713 1363 1752 fuerunt
1389 1725 1522 1764 prosa
1552 1713 1748 1752 oratione

180 1775 423 1820 versiones,
458 1789 543 1814 nna
582 1776 749 1815 scilicet
781 1777 1112 1827 septentrionali
1147 1778 1330 1816 dialecto
1369 1780 1496 1829 cujus
1529 1778 1748 1817 recentius

181 1841 426 1891 exemplum
451 1844 516 1878 est
537 1844 689 1879 noster
718 1841 977 1891 parisiensis
1013 1842 1161 1889 codex,
1188 1843 1323 1881 altera
1344 1847 1489 1881 autem
1520 1843 1751 1882 florentina

181 1916 310 1956 quam
334 1904 470 1942 refert
491 1905 710 1955 rajnensis
735 1908 895 1943 textus.
928 1905 1051 1952 Quod
1088 1907 1140 1944 ad
1174 1906 1366 1945 fabulam
1403 1906 1538 1954 Fiovi,
1576 1910 1752 1958 septen-

180 1969 378 2009 trionalis
426 1969 572 2008 versio
620 1969 803 2008 liberius
860 1972 1023 2008 textum
1078 1971 1478 2010 franco-italianum
1532 1971 1747 2019 tractavit,

179 2047 308 2086 quam
332 2037 511 2073 secutus
543 2039 610 2073 est
639 2034 879 2085 Regiorum
906 2034 1106 2074 ‘Franciae
1138 2039 1302 2075 auctor.
1327 2036 1451 2074 Nunc
1473 2048 1606 2086 quum
1630 2039 1752 2075 utra-

181 2112 263 2150 que
285 2099 430 2138 versio
453 2112 477 2137 a
499 2101 617 2137 textu
648 2099 997 2138 franco-italiano
1033 2100 1232 2151 pendeat,
1257 2100 1462 2139 facillime
1493 2100 1751 2151 intelligitur

182 2177 258 2204 cur
280 2164 410 2203 varife
445 2164 689 2203 locutiones
727 2164 932 2215 gallicum
967 2177 1213 2204 sermonem
1237 2166 1474 2213 redoleant,
1501 2166 1552 2204 de
1586 2165 1746 2216 quibus

223 2328 250 2358 1.
275 2326 417 2357 Novum
444 2325 529 2356 mihi
549 2328 802 2367 argumentum
823 2326 960 2367 praebet
980 2325 1070 2367 prof.
1091 2324 1206 2366 RaJ'na
1231 2326 1292 2366 qui
1317 2324 1403 2356 mihi
1424 2323 1621 2356 liberaliter
1642 2333 1744 2365 (10ἕὲ-

180 2379 261 2411 dam
277 2382 445 2420 excerpta
460 2388 477 2410 e
496 2387 580 2410 mss.
599 2378 755 2409 itali-anis
776 2378 818 2410 de
842 2379 963 2410 sabula
979 2378 1119 2420 imperii
1136 2378 1272 2409 romani
1288 2387 1307 2409 a
1323 2377 1439 2409 Gallia
1455 2376 1498 2408 ad
1515 2376 1746 2408 Germaniam

179 2433 343 2464 translati
380 2432 655 2464 communicavit
695 2432 792 2466 zVide
830 2442 949 2474 supra,
975 2443 1009 2474 p.
1039 2433 1078 2464 72
1115 2435 1149 2464 et
1184 2432 1277 2463 infra
1316 2442 1351 2474 p.
1388 2432 1454 2472 92).
1492 2430 1635 2462 Scilicet
1663 2439 1744 2471 quae

181 2486 217 2517 in
256 2488 323 2517 line
360 2485 568 2527 parisiensis
603 2484 734 2516 codicis
765 2485 917 2517 refertur
942 2485 1075 2521 sabula,
1101 2494 1142 2517 ea
1175 2494 1303 2526 poema
1325 2483 1678 2526 ft'anco-z‘taliamtm
1702 2483 1746 2515 de

179 2537 326 2578 Huyone
360 2537 571 2570 Alvernensz‘
606 2537 798 2576 concludit,
834 2538 882 2569 ita
916 2541 956 2569 ut
991 2538 1114 2569 fabula
1150 2538 1218 2569 ista
1254 2546 1331 2579 qua¹
1371 2537 1536 2579 gallicam
1572 2537 1745 2578 originem

180 2592 345 2631 agnoscit
365 2601 428 2633 per
453 2594 570 2623 textus
594 2590 904 2622 franco-italianos
930 2591 964 2622 111
998 2591 1139 2622 Italiam
1163 2591 1416 2632 penetraverit,
1443 2590 1562 2629 Quum
1583 2590 1686 2622 tertia
1709 2592 1744 2621 et

178 2643 304 2675 ultima
333 2653 415 2685 pars
448 2644 580 2677 codicis
604 2644 812 2686 parisiensis
835 2653 855 2675 a
879 2644 1171 2675 franco-italiano
1194 2647 1294 2676 textu
1323 2644 1483 2676 derivata
1506 2645 1562 2679 sit,
1588 2643 1742 2684 primam

179 2697 214 2727 et
237 2696 443 2734 secundam,
465 2697 601 2729 auctori
626 2697 771 2728 italiano
795 2695 1043 2728 attribuendas
1067 2697 1213 2737 pariter,
1247 2706 1267 2728 a
1301 2695 1612 2738 franco—‘italiam
1641 2699 1741 2728 textu

179 2747 358 2782 derivatas
378 2750 458 2791 plus
480 2759 587 2792 quam
607 2750 801 2782 verisimile
827 2754 896 2782 est.
