1881 3104
735 94 878 136 -95
911 120 967 124 m

67 212 171 250 dum
192 207 449 248 islandicam
470 205 692 245 Floventis
715 207 756 243 et
784 204 1007 243 italianam
1040 203 1290 242 Flooventis
1321 205 1574 246 versionem
1597 208 1626 255 1,

67 276 181 314 hunc
210 272 404 323 gladium
430 270 638 310 divinitus
661 269 921 308 fabricatum
948 268 1141 307 eremitae
1169 268 1221 307 ab
1251 268 1421 319 Angelo
1449 271 1627 311 allatum

67 339 208 379 fuisse
231 336 446 387 utJuveni
475 333 705 381 exsulanti,
735 334 883 372 futuro
913 345 1013 372 mox
1042 333 1182 384 primo
1211 332 1480 373 Francorum
1516 337 1626 386 regi,

68 403 312 444 offerretur.
337 402 382 440 Si
404 401 539 452 igitur
559 400 680 438 hisce
702 399 874 438 traditis
897 399 1137 446 credimus,
1165 398 1335 450 primus
1360 398 1627 440 Francorum

69 481 144 508 rex
171 469 285 507 hunc
307 479 456 506 ensem
475 465 627 511 tenuit,
651 465 764 515 quod
795 463 1051 503 confirmant
1072 464 1146 503 isti
1177 476 1198 502 e
1218 463 1412 502 Mainetto
1434 465 1629 517 decerpti

68 544 242 572 versus.
282 532 374 570 Rex
410 530 608 570 Galafres
639 528 905 568 adolescenti
932 528 1124 566 Μαίηείίο
1158 527 1266 581 (sive
1300 527 1623 580 Carolo-Maynol

70 611 219 638 ensem
251 598 418 649 praebet
450 599 498 636 ut
536 607 634 635 cum
671 595 857 633 barbaro
891 594 1116 633 Braimant
1152 594 1345 633 dimicet.
1375 594 1634 646 Respondet

71 664 311 703 Mainettus
338 676 346 701 :

287 805 304 825 α
337 792 396 828 Ne
418 789 739 838 prendrai'vostre
759 801 882 836 espee,
906 801 956 825 ne
978 802 1038 826 me
1058 792 1165 827 vient
1188 803 1254 838 pas
1269 793 1291 827 a
1311 793 1390 840 gre,

285 856 357 892 Car
373 857 451 903 j'en
471 858 506 892 ai
522 867 598 891 une
618 857 728 891 vielle
749 855 793 891 de
814 855 979 891 l'ancien
1000 856 1044 891 ae
1064 867 1071 891 2

281 923 392 958 Isaac
409 923 435 958 li
459 923 555 958 bons
576 923 698 957 serres
720 922 782 969 qui
807 932 870 957 sor
890 926 948 957 tos
968 927 1007 957 ot
1024 922 1139 958 home

283 987 339 1022 La
359 987 464 1033 forga
485 992 522 1022 et
540 992 686 1033 tempra
705 997 773 1021 ens
796 987 831 1021 el
853 987 910 1021 val
929 986 1049 1021 Josue
1066 999 1074 1029 ;

284 1053 327 1087 Et
348 1054 391 1096 fic
420 1054 449 1086 le
484 1053 644 1096 premier
663 1053 720 1087 roi
749 1053 813 1095 qui
833 1053 904 1085 lint
924 1053 1127 1094 cres-ciente,

286 1117 404 1152 Cloovi
424 1119 452 1151 le
473 1118 643 1161 courtois,
670 1118 699 1150 le
719 1116 899 1150 chevalier
917 1117 1077 1150 membre'

288 1182 355 1224 Qui
374 1184 415 1227 su
437 1184 532 1218 leve:
553 1193 596 1216 en
618 1184 699 1226 fons
721 1185 755 1217 et
781 1183 856 1216 orei
876 1182 983 1216 dame
1009 1182 1056 1216 De'
1076 1193 1085 1215 .-

287 1249 360 1283 Elle
380 1258 402 1282 a
422 1259 444 1282 a
464 1258 549 1283 nom
566 1248 720 1289 Joz'ouse,
743 1246 838 1282 molt
858 1252 918 1281 est
935 1246 979 1281 de
1000 1250 1109 1291 grant
1128 1246 1256 1282 hiante
1277 1246 1308 1282 2’.

127 1376 251 1415 Hunc
285 1380 430 1415 autem
466 1388 612 1416 ensem
642 1390 666 1414 a
698 1379 818 1427 patre
853 1375 1039 1426 Pippino
1078 1375 1252 1413 tenebat
1292 1375 1548 1423 Mainottus,
1586 1380 1633 1415 ut

73 1442 207 1480 refert
226 1441 270 1479 in
292 1442 386 1481 suis
408 1442 459 1480 de
505 1441 589 1480 Vita
626 1441 765 1480 Caroli
794 1440 938 1491 *ilduyni
961 1439 1248 1479 Collectaneis
1275 1439 1487 1480 Girardus
1524 1441 1628 1479 Am-

75 1506 299 1545 hianensis
319 1507 348 1544 3.
375 1506 555 1546 Gladius
577 1507 711 1557 igitur
730 1506 921 1557 Joyeuse
943 1518 967 1543 a
988 1505 1206 1544 Cloovisio
1232 1517 1372 1555 usquc
1393 1506 1445 1544 ad
1481 1506 1631 1558 Pippi-

75 1582 178 1609 num
208 1572 251 1608 et
271 1570 473 1609 Carolum
503 1571 729 1621 Magnum,
762 1570 1003 1609 secundum
1036 1569 1242 1616 fabulam,
1269 1569 1462 1608 omnium
1497 1570 1634 1610 Fran-

79 1635 154 1674 ciae
175 1646 329 1685 regum
351 1635 662 1686 patrimonium
685 1635 768 1673 fuit
786 1636 817 1672 4.

130 1700 257 1738 Patet
277 1700 412 1751 igitur
433 1700 546 1738 circa
563 1699 844 1738 Flooventem
871 1698 1209 1749 Floovcntisquc
1231 1701 1398 1750 patrem
1427 1701 1502 1738 aut
1531 1711 1634 1750 pro-

77 1765 249 1816 geniem
279 1764 452 1803 diversa
485 1764 641 1802 tradita
675 1776 774 1802 esse
806 1766 849 1801 et
874 1776 898 1801 a
919 1763 1061 1814 poetis
1097 1763 1338 1802 decantata.
1363 1763 1489 1802 Nunc
1523 1764 1637 1802 ultra

77 1829 282 1880 progredi
302 1828 403 1867 licet
422 1831 465 1866 et
482 1828 741 1866 traditorum
763 1827 951 1866 indolem
973 1830 1015 1865 et
1036 1827 1251 1877 originem
1280 1828 1480 1866 scrutari.

134 1892 218 1931 Sed
240 1893 424 1943 amplior
442 1892 489 1931 fit
507 1892 706 1943 quaestio,
732 1904 827 1942 quae
842 1891 951 1930 solvi
969 1895 1155 1942 nequeat
1176 1891 1217 1929 ni
1240 1894 1375 1930 totam
1394 1892 1636 1943 subjectam

78 1957 303 1996 materiam
325 1957 625 2008 amplectaris;
648 1969 747 1995 nam
769 1957 855 1995 alia
887 1960 989 1995 sunt
1018 1959 1218 2007 poemata
1252 1968 1362 2006 quae,
1389 1969 1635 2007 quanquam

81 2034 178 2061 cum
199 2022 433 2062 Floovcnte
464 2022 572 2060 nihil
594 2034 820 2061 commune
859 2021 1033 2068 habent,
1068 2021 1119 2059 dc
1153 2021 1428 2071 Merovingis
1459 2021 1638 2072 regibus

125 2195 151 2225 1.
175 2193 219 2224 Et
239 2193 358 2224 forsan
381 2192 579 2225 secundum
600 2192 768 2233 gallicum
789 2191 1038 2231 Fdooventem;
1064 2191 1099 2221 in
1120 2192 1220 2232 parte
1246 2190 1342 2223 enim
1364 2192 1540 2232 poematis
1561 2198 1638 2232 qua²

83 2247 214 2279 amissa
234 2248 288 2278 cst
310 2245 352 2277 dc
374 2245 481 2287 gladii
501 2245 637 2287 origine
657 2245 820 2287 quiedam
840 2244 971 2276 tradita
994 2253 1071 2276 esse
1094 2244 1290 2276 verisimile
1315 2247 1380 2277 est.

124 2300 155 2331 2.
181 2298 373 2339 Romania,
396 2298 460 2334 IV,
481 2299 554 2335 326,
576 2299 648 2331 327.

126 2352 157 2384 3.
181 2351 224 2384 G.
243 2351 356 2388 Paris,
379 2350 465 2383 Hist.
482 2352 575 2394 poe't.
597 2351 638 2384 cle
659 2351 930 2392 Oliarlemagyne,
956 2351 994 2383 95
1019 2352 1053 2382 et
1072 2350 1129 2383 471
1153 2353 1188 2383 et
1211 2360 1287 2393 sqq.

124 2406 156 2437 4.
182 2404 553 2438 Animadvertendum
580 2404 744 2437 Mainetcz·
771 2408 953 2437 auctorem
980 2413 1119 2436 necnon
1147 2404 1322 2437 Floventis
1357 2405 1411 2441 (et,
1443 2403 1641 2435 secundum

84 2458 249 2490 italianas
276 2458 472 2493 versiones,
498 2456 710 2498 Floovantis)
732 2458 917 2499 paululum
947 2467 966 2489 a
988 2458 1110 2490 fabula
1133 2458 1322 2490 deflectere
1345 2466 1452 2499 quam
1481 2456 1640 2488 referunt

83 2511 202 2553 prisca
238 2514 404 2552 poemata
437 2510 632 2552 carolinga.
675 2511 880 2543 Secundum
906 2511 1001 2543 enim
1023 2510 1192 2544 Rollanclz'
1223 2520 1351 2552 poema
1374 2510 1418 2550 (V.
1441 2508 1642 2546 2501--25085

85 2566 120 2596 et
136 2564 356 2605 primitivam
373 2563 636 2605 Karlamagnus
657 2565 757 2606 Sagae
779 2565 1020 2597 narrationem
1044 2565 1086 2597 de
1106 2565 1237 2596 Itinere
1256 2563 1379 2595 Karoli
1403 2563 1522 2604 Magni
1546 2562 1634 2593 Hie-

86 2617 301 2659 rosolymam
332 2618 438 2654 facto,
461 2618 556 2650 ensis
584 2617 703 2650 divina
719 2619 753 2650 vi
772 2621 807 2651 et
832 2619 975 2651 nomine
1000 2617 1145 2660 Joyezcse
1165 2620 1240 2650 tum
1258 2617 1362 2649 modo
1384 2616 1536 2648 donatus
1558 2615 1638 2650 fuit,

89 2679 200 2711 quum
219 2679 361 2702 sacrum
382 2671 516 2703 lanceae
539 2671 685 2708 ferrum,
706 2681 775 2713 quo
796 2673 1033 2705 transfossum
1056 2672 1173 2704 suerat
1195 2680 1324 2713 corpus
1344 2670 1367 2703 J
1376 2699 1380 2705 ,
1402 2668 1545 2705 Christi,
1573 2677 1638 2700 en-

91 2724 139 2755 sis
161 2724 286 2765 capulo
304 2724 412 2756 inseri
424 2724 575 2766 Jusserit
593 2724 740 2757 Carolus
760 2725 924 2767 Magnus.
