1881 3104
804 109 1037 148 —44—

142 218 328 267 Emelon,
364 222 406 258 et
436 219 648 258 Jez'elearms
669 221 889 261 Emelonis
917 236 1033 275 nepos
1063 223 1306 266 eteremita
1325 222 1486 262 Luem-i.
1512 222 1699 261 Credere

146 287 225 333 est,
261 288 308 324 ut
344 285 649 324 animadvertit
687 286 885 333 Bartsch,
931 286 1184 326 Richarium
1224 299 1244 325 e
1281 287 1458 325 castello
1508 285 1701 324 evasisse

144 351 410 389 etobsessos
430 351 663 401 reliquisse
684 352 829 390 socios
850 355 897 390 ut
914 364 1040 403 opem
1058 351 1174 390 Flori
1193 352 1460 403 imploraret.
1479 350 1527 389 In
1543 350 1700 401 gallico

146 418 290 462 textu,
340 415 520 454 fortuito
562 416 718 455 Florus
758 430 831 455 rex
850 448 858 464 ,
904 417 1005 455 dum
1040 417 1222 455 insidias
1263 415 1515 455 Sarracenis
1555 418 1698 465 parat,

143 479 423 519 Floovantem
453 480 685 531 fugitivum
721 487 762 520 et
797 482 1060 521 Sarracenos
1083 485 1399 532 prosequentes
1437 479 1636 530 adspicit,
1661 481 1703 516 et.

143 545 473 594 conjectandum
497 549 564 584 est
585 549 806 585 auctorem
828 547 1042 597 poematis
1072 546 1186 597 quod
1209 546 1340 584 vertit
1367 545 1470 584 boll.
1496 544 1698 594 scriptor,

141 608 184 647 in
209 609 454 648 narratione
477 611 637 661 prioris
666 623 794 661 quem
829 612 1091 650 retractabat
1122 614 1280 658 textus,
1303 622 1387 660 quo
1417 607 1701 649 verisimilior

140 678 370 725 appareret
390 675 548 722 fabula,
570 675 807 726 quidquam
826 676 1100 715 immutasse.

194 738 278 778 Sed
302 739 405 790 quid
433 742 657 779 castellum
681 741 786 780 illud
813 741 855 780 in
889 754 973 792 quo
1000 741 1228 781 obsidetur
1260 753 1357 779 cum
1391 739 1542 778 amicis
1579 738 1703 777 Floo-

140 805 278 843 vans?
300 804 441 852 Quum
462 808 604 844 textus
627 806 827 845 italianos
856 807 1198 854 recensebimus,
1222 806 1538 852 Fioravantem‚
1563 803 1606 842 id
1636 806 1704 842 est

144 869 452 917 Floovantem,
488 870 736 910 videbimus
768 872 819 910 ab
854 871 1013 919 amica,
1054 871 1188 923 Regis
1218 871 1557 910 Sarracenorum
1593 868 1701 915 filia,

143 946 164 972 e
187 946 358 973 carcere
379 935 598 983 eductum,
624 948 721 975 cum
743 949 793 974 ea
811 936 853 974 in
875 938 1102 976 castellum
1124 935 1391 987 illontqz‘rfaleo
1411 934 1639 985 aufugisse
1661 933 1704 971 in

145 1010 244 1048 quo,
279 1011 303 1037 a
337 999 589 1038 Sarracenis
625 1001 856 1047 obsessus,
895 1014 917 1039 a
948 1001 1152 1040 Richario
1188 1004 1229 1040 et
1262 1000 1441 1039 Francis
1473 999 1699 1038 liberatur.

142 1062 367 1101 Italianam
401 1065 706 1112 narrationem,
741 1069 883 1105 certos
915 1066 1028 1104 intra
1055 1066 1164 1104 fines
1187 1066 1451 1112 conclusam,
1477 1076 1574 1103 cum
1596 1063 1698 1102 holl.

142 1127 290 1166 fabula
312 1128 530 1167 cohaerere
551 1132 682 1179 patet.

147 1242 150 1244 Ι
199 1192 323 1240 Quod
353 1193 405 1231 ad
435 1193 687 1233 Emelonem
726 1195 917 1234 Richarii
954 1196 1231 1242 avunculum,
1265 1193 1533 1239 memineris,
1567 1204 1700 1243 quum

149 1258 377 1296 castellum
397 1258 582 1297 ,flvenant
604 1272 627 1298 a
654 1259 888 1299 Floovante
920 1264 1215 1312 expugnatum
1243 1264 1284 1299 et
1318 1262 1589 1310 occupatum,
1626 1270 1704 1309 per

145 1321 437 1372 proditionem
451 1323 739 1362 Maudaranni
757 1328 798 1363 et
809 1325 1044 1372 Maudorii,
1064 1325 1253 1363 filiorum
1268 1324 1399 1371 Flori‚
1413 1337 1436 1362 a
1450 1322 1702 1363 Sarracenis

145 1399 321 1425 rursum
344 1390 566 1439 receptum
585 1389 758 1436 fuisset,
783 1389 1064 1429 Floovantem
1084 1391 1124 1429 in
1153 1390 1447 1441 captivitatem
1469 1389 1704 1428 abductum

148 1465 261 1500 esse,
288 1453 390 1491 dum
418 1453 650 1493 Richarius
674 1455 922 1506 aufugiens,
947 1455 1074 1494 Floro
1110 1456 1202 1505 regi
1233 1455 1383 1494 tristes
1415 1455 1496 1493 hos
1527 1453 1706 1493 nuntios

148 1516 324 1556 afferret
347 1521 389 1557 et
409 1519 612 1557 Emelonis
636 1520 877 1571 hospitium
900 1522 1129 1572 acciperet.
1154 1521 1336 1560 Constat
1356 1520 1399 1558 in
1434 1524 1550 1558 textu
1575 1531 1704 1569 quem

149 1583 350 1633 sequitur
370 1585 474 1623 holl.
501 1587 747 1634 translator,
768 1589 958 1638 maJores
976 1590 1017 1626 et
1035 1587 1232 1626 diversas
1256 1585 1450 1625 Emeloni
1469 1583 1702 1623 attributas

148 1660 247 1687 esse
270 1653 435 1700 partes.

201 1713 312 1761 Quid
334 1728 437 1754 vero
472 1716 523 1754 de
540 1716 726 1764 Luc-ario,
747 1716 861 1756 bono
884 1717 1079 1765 eremita,
1102 1717 1173 1767 qui
1196 1716 1310 1755 inter
1326 1715 1607 1767 pugnandum
1629 1726 1706 1765 pe-

146 1777 227 1816 rit‘?
249 1778 365 1817 Nihi]
391 1792 531 1831 usque
553 1782 721 1829 adhuc;
746 1782 822 1820 sed
846 1794 977 1832 quum
1012 1782 1064 1820 de
1092 1781 1281 1820 textibus
1312 1779 1535 1819 islandicis
1559 1782 1600 1818 et
1623 1779 1703 1818 ita-

144 1841 273 1881 lianis
294 1843 580 1891 disseremus,
604 1846 754 1884 forsan
777 1858 871 1896 qua}
898 1846 955 1884 sit
976 1846 1068 1885 haec
1086 1858 1276 1897 persona
1298 1858 1450 1884 eruere
1472 1845 1634 1884 licebit.

189 1906 306 1945 Inter
319 1921 512 1959 paganos
525 1911 725 1949 videmus
737 1910 847 1950 duos
861 1911 1083 1962 principes
1101 1923 1211 1961 quos
1225 1910 1397 1961 ignorat
1412 1910 1705 1949 cedexMons-

144 1974 492 2023 pessulanensis,
515 1975 719 2013 Jostamon
742 1975 908 2014 scilieet
929 1978 971 2014 et
991 1976 1220 2014 Postamon.

198 2037 246 2076 In
269 2039 533 2089 quibusdam
555 2041 855 2092 Monspessul.
883 2041 1018 2080 codex
1043 2044 1084 2079 et
1112 2042 1214 2079 holl.
1236 2042 1529 2091 fragmentum
1552 2039 1702 2078 stricte

144 2105 459 2153 c-ongruunt.In
486 2110 670 2156 utroque
694 2106 851 2145 Florus
885 2110 928 2144 et
954 2106 1170 2144 Floovans
1193 2107 1301 2144 alter
1319 2106 1503 2144 alterum
1519 2104 1704 2154 amplec-

147 2170 295 2207 tuntur
310 2182 317 2216 ;
332 2169 771 2216 Sarracenorumrex,
787 2171 1189 2210 illustrissimorum
1204 2172 1363 2210 ducum
1377 2170 1583 2220 adspecta
1595 2172 1703 2207 stra-

143 2245 211 2284 ge,
232 2234 349 2285 fuga>
371 2235 545 2285 signum
568 2236 660 2283 dat3
685 2235 773 2274 filia
788 2236 904 2274 Flori
919 2248 1076 2274 nomen
1095 2236 1226 2274 habet
1245 2235 1405 2274 Florem
1425 2234 1634 2274 autFluer
1652 2233 1699 2271 de

141 2311 252 2344 rose‚·
273 2300 505 2339 Richarius
528 2301 761 2347 Floretam,
786 2301 1000 2340 Floovans
1022 2301 1289 2352 Maugaliam
1309 2313 1487 2340 uxorem
1509 2299 1642 2338 ducit.

197 2364 321 2412 Quod
358 2366 410 2404 ad
447 2367 625 2404 alteram
671 2366 935 2404 narrationis
989 2369 1153 2417 partem
1173 2398 1181 2413 ,
1225 2367 1277 2404 de
1332 2366 1517 2404 obsesso
1569 2364 1697 2403 Cloo-

141 2429 269 2478 visio,
295 2431 547 2470 summatim
581 2431 735 2470 ambos
758 2436 901 2471 textus
925 2432 1157 2471 {estimanti
1179 2444 1292 2471 unus
1317 2435 1359 2470 et
1384 2431 1499 2470 idem
1525 2430 1699 2469 videtur

142 2496 268 2532 tenor
299 2508 413 2534 esse.
448 2496 496 2534 In
524 2499 710 2546 utroque
742 2496 856 2534 enini
889 2497 939 2535 de
964 2497 1183 2536 Cloovisio
1215 2497 1361 2547 agitur
1385 2508 1514 2547 quem
1541 2495 1697 2534 liberat

140 2557 483 2610 inexspectatus,
506 2565 580 2600 aut
597 2563 788 2612 nonjam
813 2566 1030 2613 speratus,
1056 2562 1171 2601 filius
1194 2562 1450 2601 Floomnsf

195 2623 242 2661 In
271 2624 351 2663 hoc
383 2627 645 2665 conveniunt
674 2627 811 2665 amba}
839 2627 1111 2666 narrationes
1140 2628 1255 2678 quod
1285 2627 1532 2666 Cloovisius
1563 2639 1586 2664 a
1608 2626 1695 2665 Ga-

138 2688 253 2727 lieno
280 2689 471 2729 Lanam
501 2691 749 2738 obsidetur3
780 2692 894 2742 quod
934 2705 1008 2730 rex
1048 2692 1242 2731 Francia}
1284 2696 1326 2731 et
1364 2692 1514 2743 regina
1555 2691 1691 2728 filium

141 2752 421 2793 Floovantem
443 2757 638 2794 exsulem
661 2756 924 2807 desiderant,
953 2757 1068 2808 quod
1099 2770 1213 2796 unus
1242 2761 1316 2796 aut
1342 2757 1426 2796 duo
1456 2769 1476 2794 e
1505 2758 1695 2806 quatuor
