1881 3104
741 92 1004 134 —159—

102 206 239 241 bantur
273 198 524 239 velocioribus
555 203 625 251 (d).
649 203 753 239 Otun
784 205 830 240 ad
856 204 1060 240 Jofreirem
1080 205 1224 240 socium
1249 204 1345 240 dixit
1368 216 1375 239 1
1410 205 1556 244 Vidin’,
1587 208 1653 243 ubi

102 270 234 306 amicae
254 273 396 304 nostrae
417 270 653 304 suavissimae
675 274 777 304 stant
797 269 837 304 in
858 270 1023 315 specula,
1041 274 1273 305 revertamur
1288 270 1404 315 igitur
1424 276 1460 305 et
1480 274 1652 316 proxime

100 333 387 381 insequentibus
413 343 670 377 occurramus,
701 335 909 380 specimina
938 334 1099 369 heroicae
1128 335 1278 370 virtutis
1311 334 1462 369 edituri.
1493 336 1651 373 Reversi

99 399 215 446 igitur
233 398 422 444 ocyssime
443 398 481 433 in
503 398 597 433 duos
618 398 703 434 illos
724 398 920 433 Saxonum
940 399 1130 445 principes
1160 399 1328 441 irruunt;
1354 400 1418 445 qui
1444 400 1491 434 ad
1518 401 1650 436 hume-

100 475 162 500 ros
181 474 302 510 usque
321 462 512 505 dissecati,
536 463 575 498 in
597 468 737 498 terram
757 463 920 510 denique
940 464 1178 507 ceciderunt;
1200 474 1274 510 quo
1295 463 1391 499 facto
1425 470 1460 499 ct
1487 464 1652 500 Saxoni-

98 529 169 564 bus
189 527 594 575 appropinquantibus,
619 527 665 562 ad
686 538 774 563 suos
795 532 1049 563 revertuntur.

155 590 201 640 (e)
224 592 388 639 Jamque
414 592 518 626 mille
549 597 586 626 et
610 592 818 638 quingenta
844 592 1037 628 Saxonum
1054 593 1207 639 «equites
1228 593 1424 636 accedunt,
1450 605 1536 629 cum
1559 595 1651 631 Flo-

100 663 191 693 vent
218 668 262 692 ex
291 657 440 692 insidiis
467 667 655 702 egressus,
679 656 860 692 vexillum
888 657 1045 703 erigere,
1072 664 1109 692 et
1135 658 1337 693 classicum
1373 669 1507 694 canere
1528 661 1649 706 jubet,

100 733 194 769 quos
226 721 454 767 improvisos
482 726 520 756 et
546 720 712 767 undique
745 723 1025 757 circumventos
1058 722 1259 769 plerosque
1293 725 1492 769 oppressit,
1529 728 1578 760 ita
1612 733 1652 762 ut

99 789 307 822 maximam
340 785 524 828 hostium,
562 787 626 832 qui
660 791 750 821 tunc
781 785 951 829 aderant,
986 792 1132 832 partem
1167 786 1361 823 deleverit.
1395 783 1486 825 Mox
1515 789 1652 826 Franci

98 852 343 887 buccinarum
366 850 597 895 clangorem,
621 849 865 896 hostiumque
882 852 1115 885 immensum
1136 851 1335 897 strepitum
1357 852 1530 894 audiunt,
1556 854 1652 889 sibi-

97 927 169 963 que
189 919 451 950 occurrentem
469 913 610 955 vident,
630 913 880 960 Areliiregem
901 914 1100 957 Salatrem,
1119 926 1196 950 una
1211 926 1298 950 cum
1315 916 1429 958 Filio,
1451 924 1487 953 et
1505 919 1650 955 duobus

96 980 264 1026 Regibus
285 978 465 1014 Falsardo
486 983 524 1014 et
540 978 741 1021 Canahert,
765 980 829 1026 qui
851 990 984 1015 omnes
1006 980 1141 1026 viginti
1161 980 1282 1016 millia
1302 982 1509 1018 satellitum
1533 989 1569 1019 et
1594 995 1654 1031 pe-

97 1045 217 1081 ditum
238 1045 370 1080 decem
390 1043 591 1080 ducebant.
617 1042 753 1079 Adfuit
774 1050 811 1080 et
837 1044 1003 1089 Rudent,
1029 1039 1257 1091 cognomine
1285 1046 1496 1088 Robustus,
1518 1049 1651 1085 sortis-

99 1111 218 1146 simus
245 1110 400 1152 athleta,
436 1111 500 1156 qui
531 1121 576 1144 ex
602 1109 727 1144 Dania
757 1109 954 1151 oriundus,
993 1109 1127 1145 Salatri
1160 1117 1320 1156 cognato
1353 1122 1422 1147 suo
1458 1114 1648 1159 suppetias

97 1177 313 1217 advenerat.
335 1175 491 1210 Rudent
508 1175 703 1210 Robustus
721 1175 863 1210 multos
880 1175 1113 1210 Francorum
1133 1175 1330 1217 confossit,
1356 1176 1653 1225 Florentemque

97 1239 148 1289 (p.
181 1237 241 1289 71)
277 1251 416 1286 magna
447 1250 540 1275 voce
569 1239 804 1286 provocavit,
836 1239 965 1275 dicens
996 1250 1003 1274 :
1035 1239 1108 1275 Ubi
1129 1245 1183 1280 tu,
1206 1239 1436 1276 conductitie
1464 1241 1589 1283 miles,
1623 1241 1654 1276 si

101 1306 218 1341 armis
237 1316 388 1341 mecum
410 1310 552 1340 certare
572 1304 726 1346 audeas,
753 1305 897 1339 adesto.
922 1304 1083 1340 Flovent
1104 1304 1306 1351 respondet
1330 1315 1336 1339 :
1361 1304 1571 1347 Quaesitum
1593 1305 1655 1341 hic

101 1372 292 1406 invenies.
327 1370 416 1405 Mox
444 1369 612 1404 incitatis
638 1371 767 1415 equis,
803 1370 984 1404 acerrime
1012 1370 1219 1415 congressi,
1247 1369 1376 1404 hastas
1406 1371 1527 1415 primo
1560 1381 1656 1405 con-

96 1447 208 1471 cursu
243 1435 528 1481 confregerunt.
563 1433 711 1468 Deinde
745 1433 887 1479 gladios
920 1433 1210 1479 distringeliant.
1244 1431 1300 1468 At
1332 1433 1494 1469 Florent
1526 1436 1653 1470 animo

94 1500 246 1543 ardens,
277 1504 391 1547 caput
420 1499 543 1534 hostis
573 1497 619 1533 ad
649 1498 830 1533 humeros
862 1509 982 1544 usque
1011 1498 1264 1539 obtruncavit,
1294 1497 1464 1545 dixitque
1492 1509 1608 1534 ovans
1641 1510 1648 1534 1

94 1563 194 1598 Laus
226 1562 321 1605 Deo,
353 1562 449 1608 patri
475 1563 789 1604 clementissimo,
815 1564 879 1609 qui
910 1568 1014 1598 tanta
1045 1563 1185 1598 virtute
1215 1574 1319 1598 arma
1348 1570 1478 1598 nostra
1503 1563 1649 1599 ditavit.

94 1626 283 1662 Archirex
303 1621 468 1663 Salatres
489 1628 689 1662 interitum
715 1627 903 1662 Rudentis
925 1630 1075 1673 cognati
1096 1629 1156 1662 sui
1177 1628 1373 1673 {egerrime
1395 1628 1532 1670 ferens,
1558 1629 1648 1664 1³10-

92 1696 243 1727 ventem
264 1690 310 1726 de
341 1692 471 1727 nitidis
494 1692 573 1727 suis
594 1693 724 1734 armis,
747 1697 783 1727 et
800 1691 1006 1737 grandibus
1029 1692 1164 1727 ictibus
1187 1694 1277 1727 satis
1299 1703 1487 1739 superque
1509 1703 1651 1739 cogno-

92 1755 161 1795 vit,
196 1755 297 1790 unde
329 1761 367 1791 et
400 1757 539 1802 ipsum,
576 1756 640 1791 sed
675 1756 885 1798 incautum,
923 1756 1080 1799 invadit,
1116 1756 1361 1804 gladiumque
1395 1757 1463 1792 sub
1497 1747 1649 1792 scutum

93 1820 290 1855 Floventis
323 1820 498 1855 immisit.
523 1820 597 1856 Sed
616 1820 734 1866 Deus,
762 1822 824 1867 qui
845 1831 1003 1856 suorum
1023 1831 1173 1867 semper
1192 1826 1250 1856 est
1269 1821 1399 1863 tutela,
1422 1820 1648 1856 Floventem

92 1885 210 1920 illaesa
237 1885 354 1920 lorica
387 1884 669 1920 invulneratum
694 1885 922 1931 custodivit3
947 1885 1067 1921 nihilo
1099 1890 1227 1920 tamen
1258 1885 1387 1920 minus
1420 1886 1535 1932 Regis
1563 1885 1656 1921 adeo

93 1949 238 1985 validus
257 1953 338 1985 erat
358 1950 469 1991 ictus,
494 1955 549 1990 ut,
573 1950 754 1996 disruptis
785 1950 963 1985 omnibus
984 1950 1151 1996 ephippii
1173 1950 1407 1996 ligamentis,
1431 1962 1529 1997 equo
1551 1951 1654 1986 desi-

94 2015 193 2051 liret.
234 2013 289 2050 At
327 2014 531 2060 Angsaeis,
570 2015 634 2060 qui
672 2015 907 2062 propinquus
946 2021 1047 2058 erat,
1084 2026 1224 2061 equum
1259 2016 1457 2050 celerrimi·
1496 2015 1651 2062 arripit,

95 2079 242 2122 sternit,
276 2079 524 2125 Floventique
558 2079 690 2122 tradit;
728 2079 791 2126 qui
822 2090 919 2126 equo
945 2090 1155 2115 conscenso
1190 2080 1286 2115 dixit
1321 2089 1328 2116 :
1362 2079 1520 2126 Nequeo
1554 2079 1650 2114 mihi

94 2149 316 2189 temperare,
347 2144 421 2190 quo
455 2144 583 2178 minus
610 2143 788 2189 injuriam
817 2144 959 2178 illatam
990 2144 1119 2179 statim
1141 2144 1317 2179 ulciscar.
1344 2142 1487 2179 Verum
1509 2143 1650 2180 Jofreir

133 2298 180 2339 (d)
199 2300 228 2330 A
251 2299 280 2330 D
304 2299 330 2330 F
350 2309 355 2328 :
384 2299 480 2330 mille
504 2299 667 2341 equitum
696 2299 884 2335 (lucentes,
911 2299 979 2340 ipsi
999 2309 1083 2331 vero
1106 2309 1186 2331 eum
1207 2299 1331 2332 decem
1352 2300 1535 2341 equitibus
1555 2309 1650 2341 prie-

93 2351 277 2387 cedebant,
303 2352 385 2392 quia
406 2351 552 2394 reliquis
575 2353 811 2394 promptiores
834 2352 946 2383 videri
967 2353 1147 2384 volebant.
1174 2351 1315 2384 Olunus
1337 2352 1380 2383 ad
1404 2353 1540 2384 socium
1562 2361 1648 2383 con-

92 2413 238 2436 versus:
261 2405 340 2436 vide
355 2406 543 2441 Saxonum,
567 2405 692 2447 inquit,
715 2405 931 2446 superbiam,
954 2414 1060 2446 quam
1086 2405 1182 2437 Deus
1206 2405 1387 2447 infringat.
1413 2405 1648 2437 Revertamur

94 2457 210 2498 itaque
234 2460 273 2489 ut
295 2458 417 2489 amica?
440 2462 582 2494 nostrie,
606 2462 669 2489 ete.
698 2458 743 2488 F:
770 2468 850 2489 mox
873 2467 987 2489 oumx
1003 2458 1073 2489 illis
1095 2458 1275 2499 equilibus
1299 2467 1426 2490 manus
1450 2467 1645 2490 conserue-

93 2513 188 2545 runt,
212 2510 273 2541 sed
295 2511 447 2541 multum
463 2511 707 2542 metuentibus
726 2510 938 2551 virginibus,
957 2514 992 2542 et
1012 2520 1056 2542 ne
1073 2513 1221 2551 pereant
1241 2509 1485 2550 precantibus.
1510 2508 1644 2540 Verum

93 2562 245 2598 Ethniei,
269 2572 415 2594 suorum
437 2563 589 2595 elamore
614 2563 745 2599 audito,
772 2562 981 2595 subventuri
995 2563 1177 2595 festinant.
1196 2562 1287 2594 Socii
1312 2571 1395 2593 vero
1417 2562 1460 2593 ad
1483 2571 1565 2593 suos
1588 2571 1646 2593 re-

94 2621 254 2647 currunt.

134 2670 172 2708 (e)
199 2669 228 2700 A
250 2669 308 2701 D:
334 2670 468 2702 Deinde
492 2670 567 2703 Rex
599 2670 742 2702 Florent
772 2671 893 2711 copias
925 2679 1008 2702 suas
1037 2679 1078 2701 ex
1111 2670 1208 2711 sylva
1241 2668 1373 2704 eduxit,
1412 2667 1641 2709 Saxonesque

94 2721 309 2763 improvidos
330 2724 425 2755 omni
451 2733 494 2755 ex
510 2726 610 2764 purte
632 2723 882 2755 circumdedit.
