1881 3104
746 127 916 167 --173
952 151 1004 156 —-

161 242 284 278 (lodex
306 246 348 275 n⁰
369 241 388 276 G
410 253 416 282 ;
440 240 504 277 foi.
531 241 576 276 73
602 250 706 275 verso
726 250 788 273 :——
804 236 1185 275 TuncdicitFlovent
1208 248 1215 272 ε
1245 253 1256 268 «
1277 237 1385 272 L'ndc
1402 238 1550 281 venisti,
1576 237 1648 272 fra-

109 314 174 352 ter,
193 313 229 342 et
259 317 372 352 quare
385 305 458 341 huc
479 304 699 341 tetendisti?
723 318 738 337 >³
761 324 813 329 —
834 304 996 339 Domine
1015 303 1079 344 mi,
1100 302 1301 348 respondet
1315 301 1547 344 adolescens,
1579 313 1647 347 ego

106 383 190 406 sum
209 371 308 406 filius
329 370 517 406 W⁷ilelmi
538 372 635 416 regis
655 369 719 416 qui
745 368 925 415 regnabat
954 368 992 403 in
1012 367 1157 414 potenti
1178 366 1289 412 Ange
1310 371 1347 401 et
1355 395 1431 403 .....
1464 366 1513 401 ibi
1547 377 1652 402 exer-

105 438 221 471 citum
241 447 437 482 magnum,
461 447 576 482 quum
604 434 741 470 Franci
764 434 803 469 in
831 434 961 469 urbem
984 432 1148 468 Romam
1169 434 1265 467 vecti
1287 436 1387 473 sunt,
1409 442 1526 478 quum
1546 430 1648 467 Con-

105 500 295 539 stantinus
311 501 436 538 Cresar
452 501 775 537 christianismum
795 501 1015 546 accepisset.
1039 498 1307 545 Spoliaverunt
1324 497 1442 532 multa
1470 507 1586 542 regna
1616 502 1652 531 et

105 574 248 615 patrem
268 579 395 603 meum
421 566 703 611 interfecerunt,
721 576 858 612 meque
878 564 1116 611 captivarunt
1135 569 1172 599 et
1197 562 1346 599 cuidam
1376 562 1538 609 principi
1557 572 1652 597 ven-

107 633 295 669 diderunt.
317 632 387 676 Qui
409 631 560 680 quidem
581 642 642 667 me
660 630 853 667 Masimeto
874 628 1072 666 immolare
1092 630 1205 676 cogit.
1225 626 1280 664 At
1309 627 1396 663 dein
1426 627 1521 662 mihi
1554 627 1654 662 idem

106 709 149 734 ac
175 698 258 734 aliis
278 699 474 744 armigeris
502 698 563 745 jus
589 696 712 744 dedit3
734 701 866 744 postea
886 696 931 732 ab
957 696 1002 731 iis
1033 694 1218 731 maximas
1238 704 1304 740 per
1323 693 1562 729 difficultates
1584 704 1656 728 au-

107 763 197 810 fugi.
223 776 237 799 »
261 764 484 799 *Florent
504 763 594 798 dicit
613 773 621 798 :
647 776 664 795 «
688 762 872 809 Haecjam
893 761 1019 797 audivi
1039 766 1076 797 et
1095 760 1171 797 scio
1186 765 1221 796 te
1241 770 1329 795 vera
1348 758 1484 795 dicere.
1501 757 1602 793 Veni
1620 762 1656 793 et

106 839 168 864 me
189 828 371 874 osculare,
396 839 485 864 nam
504 839 612 864 meus
632 839 670 864 es
691 829 1009 874 consanguineus.
1032 840 1049 860 n

346 974 399 1011 ΙΙ.
426 975 601 1022 Excerpla
622 987 638 1010 e
654 973 856 1021 parisiensi
875 975 992 1010 codice
1011 975 1053 1009 cle
1073 973 1255 1009 Flox‘ents
1276 973 1374 1020 Saga
1395 970 1424 1008 1.

163 1089 334 1138 (Initium
353 1100 361 1134 ς
384 1087 448 1124 soi.
468 1089 502 1131 1,
527 1088 660 1131 recto.)
681 1085 778 1133 Saga
799 1087 870 1121 ista
890 1097 967 1122 non
988 1087 1215 1122 commentis
1236 1086 1311 1121 illis
1336 1090 1483 1121 constat
1501 1095 1582 1131 quae
1599 1085 1659 1118 in-

111 1153 257 1200 geniosi
276 1153 345 1188 viri
368 1153 438 1189 sihi
458 1152 504 1188 ad
525 1152 813 1188 delectationem
834 1152 982 1197 fingunt
997 1163 1003 1186 :
1021 1151 1146 1197 potius
1167 1158 1224 1186 est
1244 1162 1286 1186 ea
1300 1161 1401 1190 vera,
1425 1151 1512 1196 quia
1528 1148 1660 1184 Simon

111 1218 290 1265 magister
317 1220 464 1254 invenit
492 1229 575 1254 eam
609 1218 647 1253 in
679 1217 769 1253 urbe
803 1228 887 1264 quie
918 1216 1148 1262 Lugdunum
1185 1215 1336 1258 dicitur,
1372 1216 1410 1250 in
1432 1216 1603 1257 Francia,
1627 1218 1663 1249 et

113 1294 195 1318 eam
218 1283 256 1318 in
278 1283 447 1330 linguam
469 1283 673 1319 francicam
695 1283 886 1328 eleganter
916 1281 1123 1317 transtulit.
1160 1281 1256 1327 Saga
1288 1281 1351 1315 illa
1380 1285 1438 1315 est
1471 1279 1514 1314 de
1544 1280 1667 1325 primo

113 1359 199 1394 rege
219 1348 282 1395 qui
303 1348 456 1384 tenebat
475 1348 690 1391 Franciam,
716 1347 779 1394 qui
800 1357 930 1382 verum
950 1347 1073 1381 Deum
1095 1346 1241 1381 colebat
1262 1351 1298 1381 et
1315 1345 1395 1391 ejus
1410 1344 1509 1390 leges
1531 1344 1662 1379 ohser-

114 1413 237 1449 vabat.
262 1412 334 1448 Hic
355 1418 435 1448 erat
456 1413 555 1448 filius
577 1413 716 1448 sororis
738 1411 981 1447 Constantini
1001 1412 1238 1457 imperatoris
1270 1409 1416 1456 antiqui
1447 1419 1558 1455 quem
1592 1407 1663 1443 Sil-

114 1483 239 1514 x'ester
264 1489 358 1525 papa
379 1478 632 1513 christianum
652 1478 754 1520 fecit,
777 1483 853 1512 etc.

170 1541 307 1591 (Finis;
332 1542 399 1578 fol.
426 1544 486 1586 47,
522 1543 652 1588 recto.)
675 1542 837 1577 Flovent
865 1539 1144 1576 administravit
1172 1545 1398 1585 tunrregna
1431 1549 1500 1574 sua
1527 1537 1666 1573 multas

116 1616 182 1652 per
202 1605 360 1651 hyemes
386 1617 396 1641 :
418 1604 620 1651 opulentus
641 1610 720 1641 erat
741 1612 778 1642 et
795 1606 952 1652 justitiae
977 1615 1123 1646 amans,
1148 1602 1314 1637 liberalis
1335 1606 1371 1636 et
1395 1601 1573 1643 illustris;
1599 1599 1666 1635 sed

116 1669 268 1705 tandem
293 1671 399 1705 senio
421 1669 637 1705 confectum
658 1672 805 1717 excepit
826 1671 863 1706 in
886 1672 982 1706 lecto
1003 1669 1172 1710 moi-hus,
1198 1672 1234 1703 et
1255 1667 1293 1701 in
1312 1666 1471 1701 ecclesia
1492 1665 1565 1701 Dei
1587 1675 1673 1700 ma-

117 1736 187 1770 tris
207 1734 338 1769 Mariae
361 1735 540 1777 tumulus,
568 1746 680 1781 quam
703 1735 782 1781 ipse
807 1736 894 1771 fecit
929 1735 1006 1771 Deo
1040 1735 1076 1769 in
1107 1733 1281 1780 glorIam‚
1313 1731 1383 1767 sibi
1418 1732 1457 1765 in
1491 1730 1668 1766 salutem.

118 1797 191 1841 Qui
211 1810 298 1834 cum
318 1799 431 1835 Patre
451 1807 488 1836 et
510 1800 653 1847 Spiritu
673 1807 804 1836 sancto
824 1802 919 1836 vivit
939 1806 975 1835 et
996 1804 1127 1845 regnat
1146 1800 1186 1833 in
1206 1797 1334 1833 omnia
1355 1795 1505 1831 saecula.
1527 1793 1671 1831 Amen.

171 1864 293 1909 (Folio
323 1866 384 1906 12,
413 1863 546 1913 recto.)
578 1867 677 1901 Tum
711 1865 806 1901 dixit
832 1866 994 1902 Flox'ent
1026 1876 1034 1900 :
1062 1863 1175 1900 Unde
1208 1863 1331 1906 venis,
1369 1866 1410 1895 tu
1439 1860 1581 1896 frater?
1614 1859 1674 1895 vel

120 1940 233 1976 quare
251 1929 326 1965 huc
344 1929 512 1966 venisti?
526 1931 690 1967 Domine
705 1932 770 1975 mi,
795 1931 891 1967 dixit
910 1931 1146 1973 adolescens,
1169 1939 1236 1974 ego
1253 1938 1337 1963 sum
1354 1926 1454 1961 filius
1468 1924 1676 1960 wilhelmi

120 1995 218 2040 regis
239 1995 304 2040 qui
326 1994 478 2041 regebat
497 1994 609 2042 Ange
634 1996 813 2043 oppidum
838 1996 1060 2042 opulentum
1094 1993 1200 2030 illud.
1228 1991 1486 2027 Meministine
1508 1989 1675 2024 Francos

120 2059 284 2094 Romam
304 2059 435 2094 urbem
456 2059 675 2105 advenisse,
694 2073 810 2108 quum
832 2061 1107 2097 Constantinus
1124 2059 1329 2104 imperator
1349 2055 1676 2091 christianismum

123 2124 348 2170 recepisset;
378 2124 504 2172 ibique
528 2126 703 2172 spoliavit
735 2129 887 2172 (cort-2¹90
917 2119 1189 2173 spoliaverunt)
1220 2122 1341 2157 multa
1358 2130 1488 2166 regna,
1511 2123 1548 2154 et
1569 2129 1674 2154 neca-

121 2194 258 2224 verunt
274 2195 419 2236 patrem
440 2201 568 2226 meum
586 2197 622 2227 et
643 2203 702 2227 me
723 2193 912 2239 captivum
933 2191 1054 2227 fecere
1074 2196 1111 2225 et
1131 2187 1383 2225 vendiderunt
1404 2184 1564 2231 principi
1596 2184 1674 2219 cui-

123 2251 224 2296 dam,
252 2261 289 2289 et
317 2265 378 2290 me
399 2257 522 2301 coegit
546 2255 736 2292 Maumeto
758 2256 912 2297 servire,
937 2262 973 2291 et
1002 2254 1130 2301 postea
1158 2253 1254 2289 milii
1289 2250 1389 2287 idem
1421 2249 1523 2285 dedit
1548 2248 1609 2295 jus
1633 2258 1675 2283 ac

124 2318 208 2354 aliis
245 2319 456 2365 armigeris.
491 2320 627 2356 Postea
665 2332 728 2356 eos
763 2321 912 2356 deserui
941 2331 1079 2366 magna
1118 2330 1204 2355 cum
1240 2317 1474 2352 difficultate.
1516 2314 1678 2349 Flovent

125 2383 218 2418 dixit
244 2396 251 2419 :
277 2384 418 2419 Audivi
440 2385 520 2420 haec
541 2386 654 2420 relata
675 2397 756 2421 esse
779 2394 815 2421 et
834 2387 911 2421 scio
932 2387 985 2421 sic
1008 2396 1065 2420 res
1086 2395 1168 2420 sese
1189 2382 1325 2417 habere
1346 2387 1387 2416 ut
1407 2378 1619 2415 dicIschi
1639 2382 1678 2412 tu

127 2449 214 2494 huc,
237 2455 273 2484 et
292 2450 462 2485 osculare
484 2461 574 2485 me:
612 2456 652 2486 tu
687 2462 726 2486 cs
759 2450 1009 2486 consobrInus
1039 2457 1172 2489 meus:
1203 2458 1271 2494 ego
1305 2457 1387 2482 sum
1418 2445 1519 2480 filius
1551 2443 1679 2478 fratris

129 2514 239 2559 regis,
265 2516 381 2560 patris
404 2515 473 2551 tui.

175 2664 200 2695 1.
223 2663 316 2695 Bibl.
341 2663 421 2694 Nat.
442 2663 540 2695 fund.
567 2663 687 2695 scand.
711 2664 749 2696 23
773 2667 886 2695 *antea
905 2662 1077 2706 supplem.
1098 2662 1146 2704 fr.
1164 2661 1285 2702 am),
1307 2660 1528 2699 chartaceus,
1550 2666 1682 2699 parvus

132 2716 237 2752 in-4⁰‚
259 2716 351 2748 soliis
372 2716 410 2748 47
427 2720 605 2752 constans,
631 2717 758 2748 saeculo
774 2727 859 2748 xvrn
883 2721 1067 2749 exaratns2
1092 2716 1136 2747 αι’.
1159 2724 1277 2756 supra.
1302 2725 1336 2756 p.
1353 2715 1403 2746 59.
1420 2733 1457 2737 -
1476 2714 1576 2745 Hanc
1599 2722 1682 2745 ver-

133 2770 279 2808 sionem,
302 2778 379 2812 ‹111ae
400 2770 444 2802 nd
465 2770 612 2802 'verbum
632 2770 803 2808 redditur,
829 2771 941 2802 amico
963 2768 1155 2811 professori
1172 2768 1257 2800 Voss
1277 2767 1402 2799 debeo.
