1881 3104
767 91 909 132 —73
943 116 999 122 --

110 204 177 240 cet
214 213 309 251 quae
341 213 487 240 mores
524 201 724 240 rudiores
758 205 800 241 et
827 201 1105 240 barbariores
1139 201 1408 240 describunt.
1430 202 1565 253 Cujus
1595 205 1657 243 rei

109 266 353 316 exemplum
389 265 487 304 vide
522 265 648 313 infra,
673 279 714 317 p.
759 268 834 304 177
855 279 863 313 ;
905 278 1033 316 quam
1075 266 1112 304 si
1162 266 1362 304 conseras
1408 278 1503 305 cum
1553 260 1656 319 Raj-

106 331 229 369 nensi
249 334 380 378 textu,
404 331 569 382 patebit
589 331 773 381 hujusce
795 332 1054 383 scriptorem
1074 332 1211 370 multa
1238 331 1544 382 suppressisse
1572 345 1656 382 quo

106 395 335 435 humanior
373 399 415 434 et
453 396 674 435 decentior
711 397 949 435 narrationi
987 397 1164 435 daretur
1203 396 1374 447 species
1398 396 1425 433 ¹.
1461 397 1567 435 Tam
1608 410 1658 436 ex

107 461 390 511 congruentia
419 473 546 511 quam
578 474 628 500 ex
658 462 950 513 discrepantia
977 461 1115 511 liquet
1144 461 1401 512 prisciorem
1434 461 1656 500 exstitisse

107 525 339 575 quemdam
356 526 608 565 Fz'oravantz's
627 529 803 573 textum,
821 538 949 577 quem
965 526 1220 577 elegantiori
1242 527 1354 577 stylo
1372 526 1415 564 in
1430 528 1656 564 tuscanum

105 601 352 628 sermonem
366 591 546 630 verterit
560 591 794 642 Rajnensis
808 591 907 630 libri
924 594 1074 630 auctor
1088 604 1096 638 3
1115 603 1330 641 quemque
1347 591 1658 642 longobardica

102 654 170 692 vel
190 654 419 693 venetiana
440 655 622 694 dialecto
644 657 772 707 paulo
795 655 973 694 brevius
996 655 1260 694 contraxerit
1275 655 1412 694 nostri
1441 655 1656 706 parisien-

102 719 164 758 sis
188 720 349 759 codicis
372 721 573 771 scriptor.
602 721 751 769 Qualis
774 721 905 760 fuerit
927 721 1113 772 priscior
1132 721 1201 759 hic
1223 724 1381 768 textus,
1402 733 1515 760 nunc
1536 720 1655 759 inda-

99 785 305 835 gaudum.

151 848 479 889 Demonstravit
499 850 639 901 Rajna
657 850 895 901 Regiorum
911 851 1103 890 Franciae
1122 853 1343 889 auctorem
1359 851 1579 889 Andream
1601 851 1653 889 de

98 913 354 961 Barbarino‚
379 915 692 963 Florentinum,
720 919 927 967 vergente
950 916 1002 954 ad
1030 915 1159 954 finem
1180 928 1279 954 saJc.
1304 928 1388 963 xiv,
1415 919 1456 954 et
1477 916 1652 954 ineunte

97 991 153 1017 xv
166 979 386 1019 floruisse.
405 981 567 1020 Noster
581 984 725 1019 autem
744 981 878 1019 codex
899 980 1215 1031 quinquaginta
1234 981 1357 1020 annis
1379 982 1447 1019 vel
1464 980 1652 1032 amplius

96 1046 199 1094 post
221 1045 515 1095 compositum
550 1045 787 1095 Regiorum
823 1045 1014 1084 Franciae
1042 1045 1202 1083 librum
1232 1049 1434 1084 exaratus
1473 1048 1554 1083 est.
1596 1045 1654 1082 At

98 1108 251 1146 ambos
280 1111 423 1148 textus
448 1109 686 1148 conferenti
709 1109 886 1148 cuilibet
906 1109 1187 1148 manifestum
1210 1112 1277 1148 est
1298 1109 1555 1160 parisiensis
1580 1121 1652 1148 co-

97 1173 206 1212 dicis
241 1174 408 1213 auctori
444 1174 617 1224 ignotos
638 1174 776 1212 fuisse
797 1174 960 1225 Regios
984 1174 1191 1213 Franciae.
1217 1174 1514 1212 Personarum
1537 1174 1651 1212 enim

95 1239 272 1278 nomina
301 1251 397 1289 quae
430 1239 561 1277 refert
594 1239 827 1289 Rajnensis
860 1238 1116 1277 Fioravantc
1147 1239 1372 1289 paululum
1395 1239 1649 1289 corrumpit,

95 1303 173 1342 sed
194 1316 293 1351 non,
318 1306 366 1342 ut
386 1299 584 1342 Andreas
603 1304 654 1342 de
671 1303 926 1350 Barberino⁷
952 1307 1103 1342 mutat.
1124 1304 1258 1343 Florio
1281 1303 1327 1342 fit
1347 1304 1500 1349 Fe'om‘n,
1520 1303 1652 1342 Bran-

95 1367 186 1406 cloia
219 1368 441 1415 Be‘onclora,
469 1367 666 1407 Galerana
700 1368 923 1415 Calamina,
953 1367 1170 1406 Dardwma
1191 1368 1432 1419 Dardagsna,
1463 1368 1656 1419 Draqmle'

96 1447 145 1472 ,τα
164 1433 395 1472 Drum'lana
417 1434 484 1472 vel
505 1433 768 1483 Dzwwalcma,
793 1437 872 1472 etc.
897 1446 904 1480 ;
930 1434 1006 1472 sed
1032 1434 1320 1472 Sarracenum
1342 1446 1365 1471 a
1387 1433 1647 1473 Fioravantc

95 1499 288 1538 occisum
314 1499 443 1550 (Fior.
468 1498 592 1549 xxm)
615 1511 716 1545 non,
742 1501 787 1537 ut
809 1499 1009 1537 Andreas
1035 1500 1165 1538 Fiam(
1196 1502 1335 1545 vocat,
1377 1499 1452 1537 sed
1487 1504 1649 1550 Ferassn

93 1563 207 1613 quod
230 1563 345 1602 idem
368 1566 435 1602 est
465 1576 513 1602 ac
535 1568 723 1615 Fawaqu
749 1576 906 1602 nomen
928 1563 970 1601 in
991 1564 1230 1603 Fz'orarcmte
1258 1564 1456 1602 relatum.
1484 1564 1652 1603 Castel-

91 1629 181 1667 lum
215 1641 238 1666 a
273 1628 375 1667 filiis
399 1628 607 1667 Fiorenze
641 1628 759 1679 regis
796 1628 1014 1679 traditum,
1040 1631 1087 1667 ut
1120 1628 1163 1666 in
1197 1628 1470 1675 Fioraxante,
1493 1642 1649 1680 anony-

92 1705 210 1732 mum
229 1697 313 1740 est,
334 1706 413 1732 nec
447 1706 606 1732 nomen
630 1693 760 1731 hahet
782 1692 963 1731 ‚ilonaalt
984 1693 1036 1731 al]
1064 1693 1239 1731 Andrea
1265 1693 1428 1732 datum.
1452 1693 1649 1733 Plurima

93 1770 187 1808 quae
220 1758 459 1797 narrationi
491 1758 608 1796 addit
641 1758 840 1796 Andreas
875 1769 958 1807 quo
995 1758 1256 1796 luculentior
1290 1761 1329 1796 et
1369 1758 1541 1809 planior
1575 1763 1649 1798 aut

93 1823 261 1862 doctior
297 1823 385 1870 fiat,
418 1823 601 1873 ignorat,
630 1826 677 1861 ut
711 1826 751 1860 et
784 1823 1032 1873 Rajnensis‚
1069 1827 1220 1861 noster
1255 1823 1403 1862 codex.
1433 1823 1645 1863 Fabulam

91 1888 220 1926 modo
249 1887 395 1926 videat
414 1889 550 1927 lector
568 1888 619 1926 dc
642 1888 865 1926 amoribus
891 1887 1113 1927 Galeranze
1137 1892 1177 1926 ct
1199 1888 1448 1929 Druxolinae
1477 1889 1575 1927 hinc
1604 1889 1646 1927 in

89 1952 299 2003 Rajnensi
331 1955 449 1991 textu
482 1952 587 2004 (cap.
611 1953 760 2002 xxxin)
798 1956 839 1990 et
873 1952 915 1990 in
945 1956 1096 1991 nostro
1121 1953 1211 1994 (fol.
1240 1955 1286 1990 12
1315 1966 1336 1991 a
1365 1956 1405 1991 et
1434 1953 1454 1990 b
1481 1958 1523 1991 ct
1548 1954 1593 1991 13
1623 1965 1645 1990 (ι

90 2017 143 2056 ad
174 2017 336 2068 finem),
362 2017 478 2055 illinc
499 2017 542 2054 in
566 2020 681 2056 textu
703 2017 943 2068 Regiorum
967 2017 1034 2070 (II,
1062 2019 1226 2064 15-16);
1249 2018 1318 2056 vel
1340 2018 1559 2068 quoslihet
1580 2019 1645 2056 lo—

135 2202 161 2233 1.
189 2201 261 2233 Ubi
295 2201 330 2232 in
365 2199 555 2242 Rajuensis
588 2204 704 2233 textus
734 2203 819 2243 (cap.
850 2204 954 2239 xm‘n)
992 2201 1201 2234 Fioravante
1234 2202 1452 2244 Drugiolinae
1489 2210 1645 2233 amorem

91 2253 264 2286 confessae
285 2253 370 2285 dicit
395 2265 401 2284 :
439 2265 457 2283 «
479 2253 666 2291 Madonna,
696 2255 759 2287 che
781 2255 851 2286 dite
871 2256 954 2287 voi?
971 2254 1029 2286 Ch·
1046 2256 1078 2287 io
1105 2265 1176 2287 non
1196 2256 1230 2287 vi
1256 2255 1431 2288 tocclierei
1461 2264 1524 2296 per
1552 2257 1643 2286 tutto

88 2307 177 2338 l'oro
199 2306 233 2338 di
253 2306 364 2343 Solia,
385 2306 510 2349 inperia
531 2306 592 2340 che
612 2308 646 2340 io
668 2308 808 2350 synardo
826 2308 895 2340 mio
918 2317 1046 2343 onore:
1062 2310 1261 2351 essappiate
1284 2309 1348 2342 che
1372 2310 1404 2341 io
1429 2318 1514 2341 sono
1536 2308 1643 2340 molto

89 2362 211 2391 stanco
242 2360 334 2392 della
360 2369 524 2401 persona.
550 2373 568 2391 ›>
599 2366 721 2393 noster
747 2361 858 2394 codex
887 2362 963 2394 haec
995 2363 1131 2394 refert:
1167 2375 1184 2391 (ι
1208 2363 1234 2394 Ε
1263 2372 1335 2394 11011
1358 2372 1399 2394 ve
1431 2361 1642 2393 tocchareve

87 2421 151 2453 per
174 2415 248 2444 tuto
272 2413 355 2444 l'oro
377 2413 419 2445 de
444 2418 568 2455 questa
590 2415 715 2450 citade,
739 2415 801 2446 che
822 2415 854 2446 10
882 2424 946 2447 son
964 2419 1063 2457 tropo
1082 2416 1228 2448 stanclio
1254 2420 1288 2448 ct
1310 2416 1472 2456 fatigat&
1499 2423 1556 2446 ma
1576 2414 1641 2446 do—

86 2474 193 2498 mane
214 2466 296 2508 sart)
310 2476 350 2498 :0
368 2465 429 2499 clze
454 2467 561 2499 corita
577 2479 594 2496 »
613 2468 686 2508 (fol.
704 2468 739 2499 21
764 2477 808 2500 cv».
834 2468 918 2500 Mihi
939 2469 1168 2501 manisfestum
1192 2472 1245 2501 est
1275 2469 1505 2500 florentinum
1526 2468 1641 2509 scrip-

87 2520 200 2552 torem
221 2520 382 2552 eamdem
400 2521 444 2552 ob
466 2530 609 2553 causam
630 2522 713 2554 hinc
734 2523 842 2554 verba
863 2535 869 2553 :
901 2534 919 2552 «
942 2523 1070 2565 Inpero
1095 2523 1158 2555 0110
1179 2524 1212 2555 10
1235 2523 1368 2564 guardo
1392 2522 1461 2553 mio
1485 2531 1582 2553 more
1606 2534 1638 2557 »‚

89 2571 280 2610 addidisse,
300 2574 397 2606 illinc
417 2588 423 2605 :
442 2586 460 2603 «
483 2574 539 2606 Ma
562 2576 711 2608 domane
737 2576 811 2608 faro
842 2585 878 2608 zo
901 2577 964 2608 che
983 2577 1096 2608 verite
1117 2589 1135 2607 »
1165 2576 1420 2617 suppressisse,
1444 2574 1581 2607 scilicet
1602 2578 1640 2606 ut

86 2627 249 2667 personis
266 2637 468 2661 sermonem
490 2629 690 2670 politiorem
712 2631 935 2663 attribueret.
958 2630 1015 2662 Sic
1047 2640 1124 2672 cap.
1150 2641 1194 2665 LI.
1223 2630 1284 2661 ubi
1307 2629 1499 2671 Rajnensis
1522 2632 1640 2661 textus

91 2679 160 2711 sert
180 2693 186 2711 :
208 2692 226 2710 «
241 2680 403 2724 Oggimai
433 2691 497 2713 son
519 2682 550 2714 io
572 2683 604 2713 al
627 2686 716 2714 tutto
745 2684 777 2715 al
810 2687 871 2715 tuo
892 2684 1043 2725 servigio
1069 2696 1085 2713 »
1106 2688 1227 2715 noster
1250 2683 1396 2715 crudius
1418 2695 1425 2714 :
1446 2694 1464 2712 «
1484 2683 1554 2715 Ora
1577 2681 1639 2712 sati

94 2731 136 2764 de
151 2742 207 2765 me
223 2743 262 2766 zo
284 2733 348 2766 che
368 2735 484 2767 volete
503 2747 520 2764 n
546 2735 613 2769 1sol.
636 2735 675 2767 ‘24
690 2741 735 2777 a).
