1881 3104
814 165 1048 206 ,ὅθ-

157 278 287 324 filios,
312 278 492 317 Fz'orz'am
523 277 690 317 scilicet
711 280 752 316 et
772 276 1003 323 Fz'orellzcm,
1029 277 1155 328 parit.
1180 276 1411 323 Fiorellus,
1433 278 1574 327 maJor
1592 279 1709 320 natu,

158 344 498 383 Branciadoram
533 343 664 381 filiam
696 342 814 393 regis
842 342 1109 381 Alemanniae
1139 354 1319 381 uxorem
1356 342 1498 389 ducit;
1537 341 1711 380 Fiorius

154 413 302 448 autem
343 409 475 447 filiam
516 408 633 459 regis
677 407 953 455 Dardennae;
996 420 1080 458 quo
1109 411 1307 455 mortuo,
1351 420 1427 446 rex
1470 406 1710 445 Dardenna=

157 478 404 514 coronatur.
438 473 547 512 Post
579 477 763 512 mortem
799 472 1069 512 Constantini
1099 473 1262 512 Fiovus
1293 473 1532 524 imperator
1561 471 1711 510 Roma¹

156 541 383 586 salutatur,
407 542 449 577 et
469 542 642 578 mortuo
664 538 798 577 Fiovo
824 539 952 577 heres
977 539 1172 577 succedit
1193 538 1410 576 Fiorellus
1432 536 1553 588 (XVI).

211 670 291 708 Hic
313 669 432 721 regis
455 669 577 708 Fiovi
605 670 923 717 concluduntur
943 669 1163 716 bistoriae3
1186 669 1399 720 incipiunt
1419 668 1538 720 regis
1563 667 1711 706 Fz‘orcz—

159 735 286 773 rantis
308 734 381 784 qui
403 746 562 773 nomen
585 745 714 772 suum
738 733 815 772 toti
836 733 947 772 libro
969 733 1194 785 imposuit.

211 866 412 917 Longum
434 869 536 917 post
556 868 730 917 tempus
753 865 905 915 regina
926 865 1212 904 Bianciadora
1232 864 1370 904 filium
1391 865 1545 905 habuit
1572 866 1646 917 qui
1673 867 1715 905 in

159 931 341 970 humero
365 930 515 969 dextro
538 930 719 968 rubeam
749 942 921 969 crucem
952 929 1133 981 gerebat
1162 942 1169 968 :
1201 929 1269 968 cui
1295 929 1532 970 Fioravans
1556 931 1715 982 (Hora-

158 995 288 1045 vamte)
312 1007 470 1034 nomen
490 994 702 1034 indictum
723 995 818 1033 fuit.
848 995 1016 1033 Novem
1043 1006 1180 1033 annos
1201 997 1330 1033 natus
1359 999 1527 1046 patrem
1547 997 1717 1047 rogavit

158 1065 206 1100 ut
235 1061 319 1100 sibi
349 1073 470 1099 arma
497 1063 539 1099 et
573 1072 734 1110 equum
763 1061 815 1099 ad
845 1060 1140 1111 conquirenda
1165 1072 1300 1111 regna
1323 1060 1519 1099 donaret.
1544 1061 1630 1100 Sed
1654 1065 1716 1101 te-

158 1126 377 1164 neriorem
415 1125 557 1164 adhuc
583 1128 729 1173 ratus,
765 1126 978 1176 magistro
1017 1124 1192 1163 Salardo
1225 1124 1531 1176 clz'Brettc19nm
1563 1127 1636 1178 qui
1664 1128 1717 1166 ad

158 1203 278 1229 arma
311 1191 536 1229 tractanda
564 1191 816 1230 institueret
837 1203 935 1229 eum
955 1191 1188 1230 commisit.
1217 1190 1297 1229 Die
1329 1191 1531 1242 quadam,
1567 1203 1716 1242 quum,

159 1260 336 1307 peracto
354 1256 576 1305 exercitio,
599 1256 749 1308 labore
773 1259 815 1295 et
835 1257 977 1295 calore
997 1257 1253 1303 exhaustus,
1275 1256 1622 1296 obdormisceret
1641 1256 1719 1296 Sa-

157 1322 326 1367 lardus‚
359 1321 641 1372 gravioribus
672 1321 931 1361 dormientis
958 1322 1136 1361 ronchis
1163 1322 1375 1373 fatigatus
1407 1321 1597 1373 primum
1625 1333 1719 1360 ma-

160 1386 350 1437 gistrum
369 1386 633 1426 obtruncare
657 1387 835 1434 statuit.;
865 1387 979 1434 dein,
1011 1387 1095 1426 sibi
1118 1387 1354 1426 barbarum
1387 1387 1619 1426 consilium
1652 1399 1719 1425 ex-

157 1451 387 1502 probrans,
409 1452 546 1491 barba
566 1452 766 1503 privavit.
791 1452 874 1500 Qui
897 1453 1231 1504 expergefactus
1258 1453 1334 1492 ubi
1365 1465 1412 1492 se
1439 1453 1718 1503 deturpatum

154 1517 278 1564 vidit,
301 1517 395 1568 regi
418 1517 494 1556 filii
517 1518 662 1557 scelus
682 1518 954 1557 denuntiavit
975 1518 1131 1570 (xvm).

211 1582 304 1621 Rex
334 1582 474 1621 iratus
509 1582 648 1622 filium
683 1582 777 1634 capi
816 1587 858 1621 et
890 1583 933 1621 in
964 1595 1183 1622 carcerem
1214 1583 1370 1635 conjici
1394 1583 1546 1634 Jussit‚
1584 1583 1719 1622 donec

158 1647 399 1698 suspendio
424 1646 766 1687 interimeretur.
792 1647 961 1698 Regina
983 1650 1143 1695 autem,
1163 1659 1258 1698 quae
1281 1660 1305 1686 a
1325 1647 1453 1687 festis
1466 1647 1638 1686 redibat
1657 1647 1719 1685 rei

159 1713 325 1763 ignara‚
361 1724 497 1763 quum
525 1712 663 1751 filium
691 1713 744 1752 ad
774 1713 1038 1764 supplicium
1066 1713 1244 1752 ductum
1265 1713 1443 1752 obvium
1476 1712 1719 1758 habuisset,

159 1778 204 1816 in
225 1777 428 1817 lacrimas
458 1777 612 1825 effusa,
637 1777 868 1817 Salardum
890 1781 1066 1829 precata
1092 1781 1160 1817 est
1188 1780 1237 1817 ut
1265 1790 1416 1829 pacem
1445 1790 1542 1818 cum
1570 1778 1720 1818 Fiora-

159 1846 286 1881 vante
321 1842 471 1889 iniret,
509 1845 551 1881 et
582 1842 753 1881 veniam
785 1843 1078 1882 adolescentis
1110 1856 1134 1881 a
1164 1855 1267 1894 rege
1297 1846 1465 1894 peteret
1492 1857 1500 1882 ε
1532 1844 1647 1894 quod
1683 1843 1719 1883 si

161 1908 345 1954 faceret,
386 1918 440 1945 se
480 1905 618 1945 filium
658 1919 756 1945 cum
795 1906 964 1946 Salardi
1003 1906 1092 1945 filia
1130 1919 1208 1958 per
1249 1908 1577 1947 matrimonium
1618 1921 1720 1948 con-

155 1974 408 2022 ¹Juncturam
443 1983 557 2010 esse.
595 1972 763 2011 Salardi
791 1972 998 2024 precibus
1029 1972 1223 2011 mollitus
1252 1985 1327 2011 rex
1356 1972 1494 2012 filium
1523 1974 1720 2013 exsulare

163 2040 331 2088 septem
358 2049 494 2076 annos
511 2038 674 2088 Jussit3
699 2041 742 2076 et
767 2037 1018 2085 Fioravans,
1048 2040 1224 2089 accepto
1253 2051 1277 2077 a
1308 2041 1445 2077 matre
1476 2037 1620 2090 gladio
1647 2037 1720 2088 qui

164 2102 320 2142 Gz'oz'osa
343 2103 583 2151 dicebatur,
608 2106 650 2142 et
671 2106 795 2142 scuto
818 2103 915 2142 albo
939 2116 1065 2142 cruce
1088 2103 1223 2142 rubea
1245 2107 1411 2152 ornato,
1436 2106 1478 2142 et
1504 2104 1655 2142 lancea
1680 2106 1721 2141 et

163 2181 289 2218 equo,
312 2168 356 2206 in
379 2168 581 2207 exsilium
604 2169 828 2220 profectus
853 2172 921 2208 est
941 2168 1061 2220 (xix).

215 2234 304 2272 Iter
337 2233 502 2272 faciens
536 2245 613 2284 per
645 2236 957 2288 montem-tres
988 2233 1253 2273 Sarracenos
1284 2233 1466 2273 offendit
1494 2229 1573 2284 qui
1588 2233 1721 2272 filiam

163 2299 281 2350 regis
299 2298 543 2336 Dardennae
569 2297 715 2345 Uliam,
742 2310 875 2348 quum
898 2311 976 2349 per
997 2299 1171 2337 hortum
1193 2311 1290 2338 cum
1310 2299 1443 2338 sociis
1462 2299 1719 2344 ambularet,

163 2366 414 2414 rapuerant.
439 2363 523 2402 Vix
552 2375 627 2402 eos
654 2363 898 2414 fugaverat,
923 2367 965 2402 et
990 2363 1176 2411 Baldam,
1203 2364 1255 2403 ad
1282 2364 1448 2415 regiam
1479 2364 1721 2402 Dardennae

164 2429 334 2475 urbem,
357 2440 455 2467 cum
478 2429 621 2479 puella
645 2428 861 2476 tendebat,
885 2441 1018 2479 quum
1042 2428 1243 2468 Galerani
1265 2429 1383 2481 regis
1404 2428 1522 2468 filius
1541 2431 1584 2466 et
1603 2426 1722 2478 regis

165 2493 375 2540 Baianas,
402 2493 606 2533 Galerani
634 2494 798 2539 fratris,
829 2507 982 2546 nepos,
1011 2495 1204 2546 Famam(
1232 2495 1390 2542 dictus,
1412 2495 1601 2546 puellam
1629 2496 1722 2532 stu-

164 2570 305 2607 prare,
339 2558 599 2610 prohibente
632 2558 907 2607 Fioravante‚
938 2563 1089 2600 tentat.
1121 2560 1224 2599 Inde
1261 2560 1396 2599 initur
1428 2562 1648 2599 certamen
1679 2557 1723 2596 in

166 2634 250 2672 quo
274 2622 476 2676 Farnagu
504 2625 806 2664 Fioravantem
835 2625 980 2676 gladio
1011 2625 1280 2671 Dm'lz'nclana,
1312 2625 1550 2665 Fioravans
1577 2626 1722 2663 autem

167 2686 412 2737 Farnagum
434 2690 578 2740 gladio
604 2689 762 2729 Gioz'osa
781 2690 883 2730 ferit
906 2690 1100 2742 (xx-xxi).

221 2750 462 2793 Galeranus
484 2754 649 2794 interea
679 2758 814 2807 pater,
844 2755 1014 2794 somnio
1040 2755 1239 2804 territus⁷
1274 2768 1402 2807 reges
1432 2756 1484 2794 de
1520 2753 1721 2803 Farnagu

166 2815 256 2855 filio
280 2817 572 2868 inquisituros
588 2820 781 2860 miserat.
802 2820 884 2869 Qui
899 2820 943 2859 in
957 2820 1094 2872 praelii
1108 2821 1252 2860 locum
1268 2820 1516 2867 adveniunt⁷
1533 2822 1572 2858 et
1587 2829 1721 2870 quum
