1881 3104
775 102 1039 142 *iffi—

119 212 369 262 gligentiam
400 224 424 250 a
456 211 758 250 Wasconibus
787 211 830 249 in
858 212 967 250 valle
1003 212 1200 250 Subolal
1234 224 1323 251 non
1350 213 1512 254 fuisset
1541 215 1678 255 inter-

116 276 271 315 fectus.
300 275 526 315 Exercitus
563 288 666 315 vero
699 275 965 314 Francorum
993 276 1066 326 qui
1096 277 1147 315 de
1176 277 1431 327 Burgundia
1465 278 1508 316 in
1540 280 1677 319 Was-

118 341 242 380 conia
262 344 524 387 accesserat,
550 343 719 391 patrata
735 340 917 379 victoria
938 342 1050 380 redit
1071 342 1122 380 ad
1144 342 1344 392 proprias
1365 343 1496 381 sedes
1519 345 1550 382 2.
1578 363 1596 379 »

169 404 218 443 In
239 405 438 456 populari
460 404 699 456 Dagoberti
730 405 914 443 historia
945 405 1079 455 igitur
1108 409 1149 444 et
1170 406 1545 446 Roncisvallcnsis
1571 414 1679 448 stra-

118 468 187 520 gis
221 472 371 521 typum
408 474 462 517 et,
501 470 617 520 quod
650 472 793 520 majus
834 474 914 515 est,
958 470 1187 509 duodecim
1228 471 1363 510 Pares
1400 471 1673 517 invenimus:

118 534 178 572 ita
201 538 246 573 ut
275 535 505 574 duodecim
538 534 789 574 Floovantis
825 535 968 574 socios
1001 548 1186 585 quorum
1219 536 1263 574 in
1296 535 1547 575 Floovcntis
1570 550 1676 588 poe-

116 603 229 638 mate
252 601 445 639 facinora
478 601 681 651 legimus,
715 600 864 639 forsan
900 613 920 638 e
956 601 1228 651 Mercvingis
1262 602 1422 641 fabulis
1461 602 1674 654 originem

118 663 291 703 ducant.

170 729 349 770 Constat
370 730 504 780 igitur
525 730 693 780 cyclum
714 728 1021 779 Mercvingum
1044 730 1288 777 exstitisse3
1312 730 1430 769 illius
1453 735 1597 771 autem
1622 734 1674 772 acl

112 795 252 834 instar
267 796 415 834 forsan
434 794 582 833 fictum
603 794 743 832 fuisse
761 793 1055 844 Carolingum.
1075 795 1341 847 Merovingae
1357 797 1580 836 cantilena)
1599 810 1676 848 per

114 861 269 899 saecula
285 873 308 898 a
323 859 646 911 Joculatorihus
671 858 835 897 traditae
858 862 900 897 et
920 863 1172 907 retractatae,
1204 861 1412 912 paulatim
1436 864 1674 902 crescentis

114 926 159 963 ct
173 924 314 975 magis
337 924 566 975 magisque
588 923 776 974 vigentis
798 926 840 962 et
860 923 1103 963 mirimodis
1124 937 1221 964 sese
1245 927 1516 966 extendentis
1541 927 1674 966 Caro-

111 987 218 1039 lingi
251 989 358 1039 cycli
389 989 477 1027 vim
512 1000 677 1040 passae,
715 988 767 1026 ad
810 989 1028 1039 exemplar
1061 993 1303 1030 ceterorum
1338 991 1672 1044 Carolingorum

112 1058 363 1103 poematum
385 1055 635 1093 deformatae
656 1054 846 1099 fuerunt,
870 1066 955 1092 non
987 1054 1045 1093 ita
1073 1058 1217 1094 tamen
1247 1059 1295 1095 ut
1326 1057 1369 1095 in
1391 1057 1674 1097 Floventiana

114 1117 508 1169 Flooventianaquc
540 1119 688 1157 fabula
708 1130 872 1156 meram
904 1119 1043 1158 adhuc
1074 1120 1392 1170 primitivarum
1428 1122 1673 1161 fabularum

113 1182 362 1234 imaginem,
386 1184 519 1223 ethic
551 1187 593 1222 ct
614 1183 701 1222 illic
727 1183 769 1221 in
798 1183 895 1222 aliis
924 1185 1137 1234 poematis
1169 1187 1365 1236 quaedam
1396 1187 1583 1238 vestigia
1613 1187 1674 1225 in-

111 1247 257 1286 venire
279 1261 564 1299 nequeamus.
591 1248 676 1287 Sed
698 1248 984 1299 Merovingus
1016 1249 1109 1300 ipse
1139 1251 1285 1301 cyclus
1318 1251 1361 1289 in
1390 1251 1673 1303 Carolingum

111 1312 225 1351 haud
247 1313 373 1351 aliter
394 1326 523 1364 quam
546 1313 704 1352 ssuvius
728 1312 771 1350 in
800 1313 941 1351 lacum
962 1326 1091 1364 quom
1125 1314 1219 1365 ipse
1242 1315 1317 1354 alit
1339 1328 1437 1355 sese
1460 1316 1671 1356 immitte-

110 1380 175 1415 ret
207 1381 247 1415 et
269 1379 472 1428 perderet
493 1390 675 1417 necesse
698 1378 794 1416 fuit.

163 1441 259 1480 Non
280 1455 383 1482 vero
414 1456 491 1494 per
512 1443 668 1482 saecula
695 1442 855 1480 abolita
881 1443 959 1481 fuit
990 1444 1348 1496 Merovingorum
1380 1458 1533 1497 regum
1558 1459 1667 1498 pra}—

111 1507 350 1558 sertimquc
386 1507 625 1559 Dagoberti
658 1507 772 1559 apud
808 1507 977 1558 plebem
1018 1510 1242 1549 memoria.
1277 1510 1375 1558 Sed,
1400 1524 1422 1550 o
1446 1512 1668 1550 mirandas

113 1584 258 1611 rerum
285 1573 573 1612 humanarum
591 1572 724 1618 vices,
749 1572 1059 1612 cantilenarum
1081 1575 1436 1627 Merovingarum
1465 1589 1486 1615 e
1509 1577 1670 1626 quibus

111 1638 274 1676 fontem
296 1640 337 1676 et
358 1637 573 1689 originem
599 1640 752 1675 nostra
773 1637 904 1675 medii
927 1639 1047 1689 epica
1067 1640 1144 1679 aevi
1163 1641 1311 1691 poesis
1339 1641 1537 1687 duxerat,
1568 1641 1669 1680 uni-

111 1714 208 1740 cum
248 1702 388 1741 adhuc
421 1701 662 1753 permansit
699 1700 952 1751 vestigium,
993 1705 1186 1755 vulgaris
1221 1705 1293 1744 illa
1331 1709 1372 1745 et
1407 1706 1572 1745 comica
1613 1706 1665 1745 de

112 1781 130 1800 «
150 1766 263 1805 bono
286 1779 388 1818 rege
411 1767 664 1819 Dagoherto
685 1786 704 1806 »
732 1783 740 1809 :

426 1871 511 1907 Rex
529 1877 585 1908 est
605 1873 842 1920 Dagobertus

426 1935 611 1972 Perverse
629 1937 819 1974 bracatus.

166 2038 198 2077 S
202 2039 235 2077 e’e
255 2039 401 2077 transit
416 2038 548 2090 sylon-ia
570 2039 737 2078 mundi!

151 2191 178 2222 1.
209 2189 341 2223 Robola
364 2191 399 2222 in
423 2189 541 2223 Gestis
571 2191 764 2233 Dagobcrti
800 2195 834 2224 et
864 2193 899 2224 iu
920 2193 1104 2233 Aiinoino;
1133 2201 1332 2235 perperam.
1370 2190 1577 2232 Legcndum
1612 2194 1664 2222 esi

107 2240 255 2278 Subota,
277 2243 384 2275 hodie
402 2240 522 2276 Some.

149 2296 179 2328 2.
205 2295 405 2330 Clzronz'con
423 2295 643 2339 Fs·edeyarz'z‘‚
665 2298 760 2340 apud
780 2299 868 2331 Dom
887 2299 1063 2342 Bouquet,
1087 2300 1132 2331 H.
1154 2310 1188 2341 p.
1211 2299 1284 2332 4¹12.
