1881 3104
841 164 1076 205 ...22-

850 522 955 561 [Ἀρ.
991 522 1063 560 lv.

395 648 559 696 Quando
589 648 731 700 fsallz'ee
760 648 990 688 Floovantz's
1019 654 1150 687 textus
1179 650 1349 702 scriptus
1377 651 1517 702 fuerit.

230 793 441 833 Gallicum
458 793 563 831 iilud
580 804 736 843 poema
752 792 868 842 quod
887 791 1041 831 scribae
1058 791 1337 842 lotharingici
1358 791 1401 830 in
1422 804 1553 831 suum
1574 791 1734 831 idioma

176 858 464 909 incomposite
508 857 744 896 transferre
784 859 1074 904 tentaverunt,
1111 868 1196 907 quo
1242 859 1439 908 tempore
1475 857 1557 896 fuit
1594 857 1733 908 scrip-

176 925 299 963 tum?
327 924 395 962 Ad
434 923 564 961 finem
603 922 754 961 saecuii
788 927 882 969 ΧΙΙΟ,
912 922 980 960 vel
1011 922 1162 961 forsan
1189 925 1329 969 antea,
1360 922 1479 962 nullo
1506 922 1636 961 modo
1663 934 1734 961 se-

176 990 284 1029 rius.
320 1012 323 1014 v

229 1052 399 1091 Etenim
439 1054 724 1093 consonantia
759 1054 914 1100 adhuc,
948 1054 1134 1093 necdum
1177 1053 1362 1106 rhythmo
1404 1052 1542 1092 utitur
1584 1055 1735 1091 noster

175 1121 333 1156 textus.
366 1118 434 1156 Ad
461 1117 591 1157 finem
621 1121 766 1157 autem
795 1118 944 1157 saeculi
971 1131 1034 1157 xii
1063 1118 1357 1157 consonantiae
1383 1118 1529 1157 locum
1549 1130 1735 1169 occupa-

173 1183 235 1222 vit
269 1183 489 1234 rlzytlmms,
519 1183 634 1222 unde
664 1184 778 1222 facta
809 1187 877 1222 est
906 1183 1122 1222 immensa
1161 1184 1235 1222 illa
1264 1182 1523 1235 gallicorum
1556 1195 1733 1234 poema-

174 1251 265 1287 tum
306 1249 529 1287 renovatio
571 1261 620 1288 ac
661 1249 925 1296 retractatio,
964 1262 1042 1300 per
1081 1261 1210 1300 quam
1254 1248 1444 1300 plurima
1483 1247 1734 1287 miserabile

174 1317 379 1364 corrupta
414 1318 456 1353 et
491 1314 737 1353 deformata
776 1315 982 1362 fuerunt3
1012 1315 1179 1353 nullum
1223 1314 1365 1353 adhuc
1401 1317 1624 1365 repertum
1652 1312 1731 1352 fuit

173 1391 329 1430 poema
357 1378 401 1417 in
431 1380 732 1419 consonantiis
758 1380 972 1432 scriptum
1002 1381 1118 1431 quod
1147 1384 1248 1431 post
1273 1383 1473 1431 quartam
1491 1378 1733 1418 saeculixm

173 1447 341 1495 partem
369 1445 667 1496 compositum
695 1445 842 1484 fuerit.

226 1508 350 1547 Nunc
375 1509 497 1560 ipsas
529 1510 837 1549 consonantias
868 1510 1206 1561 interrogemus.

223 1574 322 1613 Jam
362 1567 496 1626 supra
534 1575 845 1626 stropham·:2:2
872 1575 1064 1614 vidimus
1094 1577 1221 1626 cujus
1252 1573 1547 1614 consonantiae
1579 1573 1733 1613 subest

173 1649 309 1676 sonus
353 1649 376 1675 a
411 1649 426 1675 .·
465 1636 868 1676 demonstravimus
909 1650 1041 1676 voces
1083 1637 1379 1677 restituendas
1418 1638 1582 1677 amz'rals
1621 1637 1733 1677 loials

165 1701 374 1755 prz'ncz'pal
411 1701 493 1740 calc
530 1702 637 1741 chalc
664 1702 706 1741 al
730 1702 955 1741 eommunczl
979 1702 1095 1741 venal
1127 1702 1210 1741 ‘mal
1236 1702 1338 1754 falt‚·
1365 1706 1443 1742 str.
1478 1706 1543 1751 32,
1577 1705 1643 1751 54,
1682 1705 1732 1742 57

172 1767 449 1807 restituimus
482 1767 612 1806 etiam
638 1767 740 1806 male
767 1767 902 1819 alqzces
930 1767 1095 1807 amirals
1115 1767 1297 1811 numerals
1322 1767 1438 1807 altre.
1461 1769 1520 1808 At
1544 1781 1733 1820 pronun-

174 1833 295 1872 tiatio
323 1832 365 1871 al
391 1833 434 1871 in
464 1833 586 1872 hisce
618 1833 846 1872 vocabulis
886 1835 1036 1872 saecuii
1063 1847 1125 1872 ΧΠ
1154 1833 1238 1872 fine
1268 1834 1462 1873 anterior
1490 1840 1570 1883 est,
1598 1847 1731 1885 quum

174 1898 227 1937 ad
258 1897 389 1936 finem
427 1898 613 1949 huJ'usce
651 1898 801 1937 saecuii
841 1902 1008 1937 mutata
1047 1899 1180 1938 fuerit
1218 1899 1261 1937 in
1290 1912 1341 1937 (ιιι
1372 1903 1415 1938 et
1443 1900 1525 1938 hoc
1556 1900 1729 1938 demum

175 1967 368 2015 tempore
395 1963 438 2002 in
466 1963 684 2015 rhythmis
714 1976 924 2015 apparere
954 1963 1146 2015 incipiat.

224 2028 387 2067 Noster
413 2027 549 2079 igitur
573 2028 777 2079 scriptor,
799 2040 955 2079 poema
970 2040 1104 2079 quum
1121 2027 1368 2076 conficeret,
1386 2029 1579 2068 nondum
1602 2029 1730 2068 finem

174 2093 322 2132 saecuii
352 2107 414 2132 xii
445 2094 663 2145 attigerat.
1035 2098 1037 2101 ’

224 2159 291 2197 Ad
331 2159 662 2198 consonantiam
697 2160 738 2197 οἱ
766 2162 1045 2204 transeamus
1072 2171 1200 2210 quam
1228 2160 1426 2211 praebent
1454 2162 1532 2199 str.
1565 2161 1630 2207 15,
1663 2161 1728 2207 36,

174 2225 224 2262 39
252 2231 293 2262 et
317 2225 383 2262 53.

226 2289 401 2340 Ubique
429 2289 521 2328 haec
552 2289 720 2340 syllaba
751 2290 793 2328 οἱ
822 2302 873 2328 ex
899 2292 922 2327 ἒ
943 2290 1012 2329 vel
1037 2289 1053 2328 ⁴2
1080 2289 1214 2328 latino
1244 2290 1397 2338 oritur,
1429 2304 1646 2343 nusquam
1680 2303 1732 2329 ex

174 2370 193 2391 ω
221 2366 236 2392 .·
265 2366 336 2393 res
365 2366 467 2393 sane
496 2354 813 2393 consideranda
839 2367 918 2394 nec
942 2355 1064 2406 parvi
1094 2355 1317 2394 momenti.
