1881 3104
854 119 1089 158 „gg-

194 241 297 268 ceno
329 230 547 267 certamen
580 227 659 266 init
685 227 752 267 cui
774 230 896 279 pater
915 228 1160 276 auxiliatur,
1186 228 1301 266 haud
1323 228 1448 267 aliter
1468 241 1596 280 quam
1617 229 1745 269 Floo-

190 306 296 333 vans
319 293 392 345 qui
412 293 614 344 Fernagu
634 293 912 345 aggreditur;
936 293 1174 332 Sarraceno
1191 296 1336 332 autem
1352 294 1591 345 opitulatur
1608 298 1744 346 pater,

191 360 410 398 Saxonum
433 371 507 411 rex
529 357 735 396 Salatres.
761 357 946 396 Flovens
967 358 1056 396 adit
1076 357 1272 397 Parisios
1289 371 1312 396 a
1327 357 1493 397 Salatre
1516 358 1743 406 obsessos,

193 428 240 464 ut
263 424 478 463 Floovans
504 423 685 467 Ansam,
719 424 845 472 cujus
876 435 951 461 rex
979 422 1135 461 Florus
1171 422 1416 475 (Fiorenze)
1449 436 1473 461 a
1494 422 1748 462 Sarraconis

193 490 435 528 obsidetur.
459 488 645 527 Flovens
670 487 973 527 Corsablinum
997 488 1069 538 qui
1091 488 1383 527 Marsihillam
1406 488 1589 527 Salatris
1618 487 1750 526 filiam

192 555 363 593 adamat
393 553 452 591 ita
479 552 681 599 devincit,
701 555 749 591 ut
773 552 1019 591 Marsibilla
1045 552 1225 591 victoris
1256 565 1402 591 amore
1438 553 1695 592 incendatur
1719 554 1747 591 l.

194 620 408 658 Floovans
431 618 695 656 Sarracenos
725 619 843 655 tanta
871 617 1030 655 virtute
1061 616 1265 667 profligat
1292 620 1339 655 ut
1360 617 1607 669 Maugaliae,
1632 617 1752 668 regis

192 684 532 723 Sarracenorum
563 682 730 722 Galieni
755 681 873 729 filiai,
905 681 989 719 sihi
1018 693 1211 720 amorem
1244 682 1456 721 conciliet.
1498 682 1752 721 Floventem

192 748 424 796 Florentia,
455 748 573 799 regis
605 747 722 786 Flori
753 746 854 793 filia,
882 746 1067 793 adamat,
1106 746 1219 785 sicut
1248 746 1531 786 Floovantem
1560 747 1755 786 Floretta

191 814 308 866 regis
330 815 463 853 Ausae
481 813 582 853 filia.
608 813 795 851 Flovens
818 825 841 850 a
862 812 994 850 divite
1017 811 1190 863 hospite
1214 812 1427 863 excipitur
1451 814 1566 852 sicut
1582 815 1624 851 et
1646 812 1747 851 Fio-

193 882 369 919 ravante
408 878 475 930 (in
499 880 617 917 textu
639 877 831 925 italiano,
868 889 953 916 non
975 877 1018 915 in
1037 877 1238 929 gallico).
1262 877 1459 916 Floventi
1488 891 1562 917 rex
1588 877 1749 917 Florus

194 945 327 984 filiam
342 956 521 983 uxorem
545 942 684 989 offert,
709 945 756 981 ut
778 942 1005 982 Floovanti
1029 955 1103 981 rex
1123 943 1255 982 Ausae
1275 945 1317 981 et
1334 943 1520 982 Flovens
1535 943 1751 994 virginem

194 1013 454 1062 aspernatur
483 1010 639 1048 iisdem
670 1009 759 1047 fere
790 1009 934 1047 verbis
964 1009 1123 1059 quibus
1154 1008 1369 1048 Floovans
1395 1009 1680 1061 (Fioravante)
1712 1009 1755 1047 in

195 1076 369 1114 italiano
393 1078 512 1114 textu
534 1075 565 1113 2.

249 1141 328 1180 Hic
361 1141 404 1179 in
436 1139 571 1180 variis
604 1151 826 1178 armorum
864 1139 1040 1178 casibus
1079 1152 1164 1178 non
1204 1139 1463 1190 congruitur
1482 1139 1514 1177 3.
1557 1139 1642 1178 Sed
1682 1140 1756 1178 de-

196 1218 314 1245 mum
356 1206 575 1244 Saxonum
617 1217 691 1242 rex
731 1217 754 1242 a
787 1204 993 1243 Flovente
1032 1204 1234 1251 vincitur,
1275 1207 1323 1243 ut
1356 1204 1697 1243 Sarracenorum
1735 1217 1759 1243 a

195 1271 446 1311 Floovante.
471 1270 626 1309 Filiam
655 1269 839 1308 Salatris
871 1269 1163 1309 Marsibillam
1196 1282 1376 1308 uxorem
1403 1269 1590 1309 Flovens
1620 1269 1753 1317 ducit,

198 1335 365 1375 Galieni
405 1335 536 1374 filiam
581 1334 850 1386 Maugaliam
881 1334 1120 1379 Floovans;
1156 1334 1289 1373 filiam
1324 1335 1444 1386 regis
1486 1335 1755 1374 Francorum

241 1531 272 1562 1:
294 1529 384 1562 Vide
405 1536 524 1570 supra,
550 1536 583 1568 p.
609 1527 663 1559 68.

237 1586 268 1616 2.
293 1585 387 1625 Lege
403 1583 478 1614 haec
491 1580 675 1613 islandicae
687 1579 862 1612 versionis
873 1579 984 1611 verba
994 1579 1113 1620 (infra,
1126 1589 1160 1621 p.
1180 1580 1250 1620 158)
1269 1591 1274 1610 τ
1290 1579 1404 1621 «Ego,
1418 1579 1757 1622 pergitRex,filiain

197 1647 313 1670 ineam
344 1636 409 1668 tihi
438 1634 710 1676 despondebo...
739 1645 754 1662 >›
780 1633 930 1664 Flovent
957 1635 1078 1664 autem
1109 1632 1152 1663 ad
1176 1632 1394 1664 turbandum
1419 1633 1515 1664 hunc
1540 1633 1753 1669 discursum,

197 1692 306 1723 alium
336 1689 492 1721 instituit
517 1695 731 1722 sermonem,
754 1685 850 1717 hunc
876 1686 912 1716 in
944 1684 1089 1716 niodum
1110 1685 1245 1727 Regem
1275 1686 1453 1717 allocutus
1476 1699 1482 1716 :
1510 1697 1526 1715 «
1549 1686 1755 1727 Direptores

196 1745 356 1776 Franciae
377 1745 412 1775 et
444 1741 545 1783 regni
574 1740 625 1771 tui
651 1741 850 1771 vastatores
869 1738 980 1770 bilem
1002 1737 1089 1769 1111111
1109 1742 1356 1776 commovent;
1380 1742 1598 1781 ‹r1uapropter
1621 1739 1757 1780 aliquid

197 1797 336 1829 consilii
373 1799 426 1828 est
463 1793 689 1836 capiendum,
719 1795 757 1824 ut
784 1792 953 1834 injuriam
982 1792 1086 1823 nobis
1117 1792 1265 1828 illatam,
1296 1795 1331 1823 et
1363 1791 1493 1824 damna
1522 1802 1601 1833 quse
1624 1792 1756 1824 multos

197 1860 310 1883 annos
328 1858 521 1892 perpessus
541 1857 591 1884 es,
612 1847 847 1883 vindicemus,
870 1849 965 1878 etc...
990 1857 1009 1875 «
1030 1846 1107 1878 Hoc
1132 1846 1280 1878 consilio
1303 1846 1510 1888 approbato,
1535 1845 1623 1882 Rex,
1649 1848 1716 1878 etc.
1737 1857 1755 1875 2>

196 1906 326 1937 Confer
349 1912 446 1935 nunc
465 1902 542 1933 11100
562 1900 699 1932 italiam
717 1899 943 1931 Fioravantis
961 1900 1092 1939 (xxv111)
1115 1913 1121 1930 ι
1146 1911 1163 1928 7>
1182 1899 1306 1930 Allora
1324 1900 1357 1931 lo
1379 1909 1417 1931 re
1443 1908 1547 1940 prese
1570 1908 1633 1940 per
1649 1908 1753 1930 mano

197 1960 409 1990 Fioravante
430 1965 448 1988 e
469 1955 563 1987 disse
585 1968 590 1985 :
613 1965 631 1984 «
652 1953 690 1985 Io
714 1953 740 1984 ti
760 1953 883 1994 priego
908 1962 972 1994 per
995 1961 1115 1984 amore
1137 1952 1258 1984 chettii
1282 1952 1420 1994 prenda
1446 1953 1480 1983 la
1500 1953 1571 1984 mia
1597 1953 1754 1994 [igliuola

196 2022 260 2054 per
283 2010 423 2052 moglie.
449 2020 467 2039 »
488 2008 515 2040 E
538 2007 750 2038 Fioravante
774 2005 868 2037 disse
894 2017 900 2036 :
928 2017 945 2035 «
971 2004 1130 2042 Messioe,
1158 2005 1190 2037 10
1217 2006 1333 2047 voglio
1360 2006 1396 2036 in
1426 2006 1542 2047 prima
1565 2014 1710 2038 menare
1735 2015 1755 2037 a

197 2067 245 2098 iin
264 2068 355 2097 tutte
379 2065 497 2096 vostre
518 2069 657 2102 guerre,
684 2069 702 2092 0
722 2059 780 2101 poi
805 2059 879 2090 saro
900 2059 1018 2100 quello
1039 2059 1104 2090 0110
1128 2059 1190 2100 piu
1210 2059 1244 2090 vi
1267 2057 1420 2100 pia-cera.
1442 2071 1460 2088 >1
1479 2059 1557 2092 Ello
1575 2068 1613 2090 re
1631 2058 1725 2091 disse
1748 2070 1754 2089 :

195 2131 211 2149 «
237 2119 314 2151 Ben
335 2119 368 2149 ai
391 2118 487 2150 detto
508 2126 527 2150 e
549 2114 620 2146 ben
642 2114 690 2145 mi
713 2113 842 2155 piacie.
867 2124 886 2142 »

238 2179 267 2210 3.
293 2177 432 2209 Diversi
451 2176 643 2218 aliquando
668 2184 773 2208 casus
791 2175 921 2208 similia
941 2175 978 2207 in
998 2175 1168 2207 Flovente
1191 2177 1226 2207 et
1252 2176 1288 2207 in
1309 2175 1502 2207 Floovante
1525 2174 1691 2206 trahunt.
1716 2175 1758 2206 111

196 2232 293 2263 Flov.
316 2236 405 2271 (cap.
426 2230 499 2270 xm)
519 2229 646 2262 victori
678 2229 852 2270 Floventi,
874 2228 936 2261 sed
956 2228 1141 2261 Othunum
1167 2229 1322 2261 amicum
1350 2228 1394 2260 ab
1420 2228 1586 2260 hostibus
1611 2232 1755 2270 captum

197 2284 344 2320 dolenti,
369 2283 531 2315 osculum
554 2282 639 2315 dare
659 2283 737 2314 vult
756 2282 831 2315 Rex
860 2282 1079 2315 Francorum
1105 2294 1111 2313 :
1134 2294 1152 2312 «
1172 2282 1225 2314 Ne
1249 2292 1305 2314 me
1328 2285 1465 2323 tangas,
1488 2282 1652 2317 Domine,
1676 2291 1755 2314 ros-

196 2338 340 2380 pondet,
355 2337 475 2379 juravi
496 2337 592 2368 enim
608 2346 664 2368 me
685 2336 865 2368 neminem
885 2340 966 2368 ante
985 2336 1229 2368 osculaturum
1251 2345 1359 2377 quam
1379 2334 1622 2376 captivitatem
1638 2334 1754 2367 Othu-

198 2393 266 2431 1115,
291 2390 423 2423 sodalis
454 2390 537 2427 mei,
565 2389 838 2421 vindicavero.»
863 2389 1033 2430 Richarii‚
1063 2390 1099 2421 in
1130 2389 1265 2425 Floov.,
1291 2388 1485 2420 admodum
1513 2388 1677 2420 diversus
1700 2390 1755 2420 est

199 2455 315 2482 casus,
340 2444 401 2486 qui
421 2446 540 2475 tamen
564 2442 772 2475 Sarracenis
792 2452 874 2474 eum
896 2452 1077 2485 paganum
1101 2451 1179 2475 esse
1200 2441 1431 2474 credentibus
1456 2444 1491 2473 et
1510 2441 1664 2474 osculari
1688 2451 1759 2473 cu-

198 2499 391 2541 pientibus,
414 2497 607 2540 respondet
629 2497 670 2536 (v.
693 2496 771 2529 1256
792 2498 827 2528 et
849 2503 957 2537 sqq.).

445 2601 632 2642 seignour,
656 2599 754 2631 franz
777 2599 972 2636 Sarranus,
993 2609 1037 2631 ne
1065 2609 1121 2631 me
1142 2599 1276 2632 baisiez
1296 2610 1359 2633 vos
1380 2601 1464 2638 11110;

443 2652 586 2685 Mahom
606 2655 641 2684 et
659 2652 844 2694 Tavergan
867 2660 912 2683 an
933 2651 964 2682 ai
986 2660 1043 2683 ma
1064 2651 1110 2683 foi
1130 2652 1247 2694 plevie

445 2706 521 2745 Que
541 2716 586 2739 ne
608 2706 763 2738 baiserai
787 2706 902 2742 home,
926 2715 972 2738 ne
994 2708 1133 2746 parant,
1157 2715 1202 2738 ne
1224 2707 1358 2746 cosine,

444 2760 533 2791 Ainz
553 2759 652 2792 aurai
671 2763 781 2792 mortz
800 2759 969 2792 Francois
989 2758 1033 2792 de
1051 2760 1204 2801 m'espee
1228 2760 1354 2793 forbie.
